3280 5104
745 329 982 394 -166-

274 491 403 578 λρντήρ
430 488 560 570 ἔλύιιος.
612 497 708 575 Atque
742 494 819 574 apud
852 493 1013 554 Homerum
1047 491 1167 572 quidem
1199 495 1319 571 antiqua
1349 490 1450 552 littera

276 599 393 675 spirans
416 613 499 656 suam
529 596 586 654 vim
615 595 750 654 exercuit
778 600 808 652 et
834 592 979 671 producta
1008 591 1101 651 vocali
1129 591 1337 670 antecedente,
1370 588 1451 650 velut

276 697 308 754 in
322 685 417 754 ἄλλοι
437 685 474 754 δὲ
487 694 628 773 dococta,
647 681 742 752 ἄλλοι
763 679 795 752 δ’
812 679 931 770 αὐτῇσι
950 683 1076 769 βόεσσι,
1098 697 1128 749 et
1147 689 1295 767 duplicata
1316 688 1413 750 littera
1429 709 1449 770 ρ

278 791 358 852 velut
387 793 418 851 in
452 785 567 872 ἔρρηξε
600 781 789 870 ἀναρρήξας
825 779 988 868 ἄρρηκτος
1024 778 1201 869 ε’ρρίγησεν
1240 778 1453 867 παραρρητός

280 883 443 970 ἐπιρρέποι
477 885 591 969 ἔρριψε
625 886 742 969 ἕρρεζ.
789 885 847 946 Sed
880 885 949 945 inde
982 885 1113 946 nondum
1147 886 1277 946 efficitur
1305 885 1451 964 digamma

278 989 399 1049 Homeri
422 993 518 1048 aetate
542 987 630 1046 etiam
655 987 804 1064 integrum
828 985 972 1064 viguisse,
1004 984 1143 1063 quoniam
1167 982 1291 1044 sibilans
1320 981 1452 1062 initialis,

279 1086 412 1168 quamvis
446 1085 567 1145 Homeri
603 1091 698 1143 aetate
732 1084 789 1141 iam
817 1080 932 1142 abiecta
963 1081 1069 1161 luerit,
1107 1080 1232 1142 similem
1266 1089 1363 1141 tamen
1392 1082 1452 1140 vim

279 1187 310 1246 in
339 1183 438 1244 verbis
465 1181 579 1265 ἔρρεεν
607 1173 802 1262 βαθύρροος
828 1171 912 1240 κατὰ
940 1172 1023 1258 ῥόον
1052 1179 1194 1240 exercuit.
1251 1179 1343 1239 Immo
1372 1178 1451 1258 qnod

280 1283 427 1344 Homerus
449 1281 517 1360 plus
541 1281 631 1340 vicies
655 1273 765 1360 ἔρεξεν
788 1285 876 1357 atque
910 1277 1017 1356 ἔριζεν
1052 1278 1127 1339 dixit
1159 1287 1190 1338 et
1222 1280 1280 1338 vim
1312 1277 1452 1357 digammi

282 1379 491 1442 vocabulorum
511 1375 583 1458 ῥεῖα
603 1373 740 1458 ῥίγησεν
764 1371 871 1456 ῥίμφα
894 1373 988 1462 ῥυμῷ
1009 1370 1110 1450 λύκος
1128 1375 1205 1436 haud
1226 1395 1294 1436 raro
1314 1376 1456 1456 neglexit,

281 1480 327 1540 his
342 1477 461 1557 quidem
477 1475 575 1536 veritis
590 1477 739 1550 integrum
754 1492 860 1535 sonum
875 1476 1014 1552 digammi
1028 1475 1149 1536 Homeri
1167 1482 1262 1536 aetate
1282 1493 1341 1535 non
1362 1475 1454 1535 inisse

282 1578 477 1657 demonstrat,
502 1574 580 1635 unde
605 1591 641 1634 ne
665 1575 702 1634 iis
726 1572 846 1652 quidem
868 1572 955 1654 locis,
979 1573 1089 1652 quihus
1111 1575 1264 1635 etiamtum
1287 1591 1371 1634 suam
1396 1575 1454 1633 rim

282 1675 423 1754 exercuit,
442 1672 570 1733 litteram
587 1673 748 1751 spirantem
764 1671 927 1750 praefigere
942 1674 1006 1733 ausi
1021 1689 1133 1733 sumus.
1157 1671 1259 1752 Neque
1279 1673 1399 1732 omnino
1417 1672 1454 1731 de

282 1777 428 1854 digammo
447 1770 575 1850 liquidae
596 1789 615 1850 ρ
634 1771 664 1830 in
684 1767 805 1830 Homeri
824 1769 1005 1832 carminibus
1025 1770 1213 1850 praefigendo
1232 1773 1456 1850 cogitassemus,

282 1875 307 1934 si
335 1870 483 1951 duplicata
515 1866 614 1928 littera
641 1886 661 1947 ρ
689 1865 826 1927 omnihus
855 1867 927 1929 locis
955 1872 999 1930 vis
1027 1871 1231 1930 evanescentis
1258 1869 1374 1930 litterae
1402 1887 1451 1929 cx·

283 1972 371 2050 primi
394 1973 495 2049 posset
518 1983 614 2044 neque
638 1964 803 2025 adulterina
826 1966 920 2026 torma
944 1958 1028 2029 ὑπαί
1047 1970 1078 2028 in
1101 1967 1229 2028 lectione
1252 1957 1332 2028 ὖιιαλ
1357 1962 1457 2046 ῥιπῆς

284 2066 456 2147 expellenda
480 2071 567 2126 esset.
615 2062 671 2123 Sed
696 2061 794 2124 trihus
817 2065 992 2140 rationibus,
1016 2073 1049 2126 ut
1076 2065 1221 2145 digamma
1246 2064 1396 2126 nonnullis
1419 2083 1455 2124 cx

284 2168 331 2228 his
354 2163 504 2226 vocabulis
528 2162 564 2224 ad
589 2161 752 2240 analogiam
770 2161 932 2224 formarum
955 2155 1082 2246 ,λράτρα
1101 2155 1327 2246 ἐλρητολσαντο
1347 2161 1458 2244 &foeta

285 2265 440 2325 titulorum
478 2259 534 2321 tide
572 2260 829 2340 comprohatarnm
863 2253 905 2344 (v.
940 2261 1058 2324 Tudeer
1089 2281 1117 2341 p.
1152 2259 1230 2342 182)
1258 2264 1458 2340 restituerem,

285 2368 450 2425 commotus
474 2377 548 2420 suna.
585 2357 717 2420 Primum
736 2358 815 2438 quod
840 2358 975 2438 durantis
998 2360 1094 2421 adhuc
1117 2360 1234 2421 litterae
1257 2361 1365 2422 indicia
1385 2367 1457 2422 sunt

285 2462 404 2524 nomina
427 2450 632 2538 ταλαύρινον
655 2457 686 2518 Ε
703 2453 776 2518 289.
800 2457 840 2517 Η
853 2453 927 2518 239.
954 2459 983 2516 Τ
999 2454 1049 2519 78.
1073 2459 1108 2518 Χ
1121 2456 1185 2520 267
1211 2467 1241 2519 ct
1262 2451 1458 2538 ταλαύροιια

290 2563 327 2622 Ψ
349 2555 428 2632 845;
452 2555 559 2618 deinde
584 2554 661 2634 quod
685 2556 716 2614 in
741 2554 818 2614 thesi
840 2554 926 2632 pedis
948 2554 1048 2616 hrevis
1071 2556 1180 2617 vocalis
1199 2556 1343 2636 producta
1362 2563 1409 2618 est
1426 2558 1457 2616 in

286 2656 483 2719 hemistichiis
496 2649 603 2714 πολλὰ
616 2644 859 2731 ἓρνσιάζεσιιεν
876 2653 910 2714 Ω
925 2649 1000 2733 755,
1015 2646 1124 2714 πυκνὰ
1139 2649 1330 2734 ἱρωγαλὲος
1347 2674 1369 2715 ν
1383 2651 1458 2715 438.

286 2779 306 2838 ρ
333 2753 404 2817 198.
428 2766 449 2816 ο
473 2749 550 2832 109;
569 2751 697 2829 denique
717 2749 795 2829 quod
815 2768 874 2810 non
894 2750 989 2811 solnm
1008 2753 1038 2812 in
1058 2752 1230 2814 nominihus
1249 2771 1317 2812 cum
1336 2769 1459 2831 praepo·

287 2852 445 2916 sitionibus
459 2858 541 2911 arete
564 2849 740 2929 coniunctis,
763 2855 797 2908 nt
814 2850 845 2908 in
859 2839 924 2909 ὑπὸ
940 2845 1049 2930 ῥιπῆς,
1065 2851 1116 2912 sed
1132 2853 1219 2912 etiam
1235 2853 1266 2912 in
1281 2850 1346 2910 aliis
1359 2852 1459 2910 minus

288 2957 366 3014 inter
381 2969 413 3011 se
428 2947 658 3010 cohaerentibus
672 2945 831 3026 vocabulis,
845 2954 880 3006 ut
893 2937 990 3008 ἄλλοι
1004 2941 1041 3010 dl
1055 2951 1185 3028 ,Ρρινοῑς
1198 2951 1236 3010 Η
1243 2945 1319 3026 474,
1334 2945 1460 3029 χαλκοῦ

288 3069 322 3112 τε
344 3043 466 3129 λρινοῦ
491 3048 528 3107 Π
547 3041 612 3107 636
635 3044 736 3106 eadem
765 3047 889 3106 metrica
913 3048 957 3106 vis
981 3049 1172 3127 conspicitur.
1218 3047 1312 3118 Quam
1336 3043 1457 3105 obrem

288 3147 467 3208 exarandum
492 3146 594 3204 curavi
617 3142 763 3222 digamma
786 3155 932 3222 nusquam
957 3145 1124 3223 neglectum
1144 3147 1311 3208 nominum:

376 3237 492 3323 λρινός
515 3243 548 3303 Δ
571 3239 645 3302 447.
669 3241 700 3302 Ε
722 3237 795 3302 308.
820 3241 858 3302 Η
877 3239 951 3302 248.
974 3240 1048 3304 474.
1072 3243 1106 3305 K
1130 3239 1200 3306 155.
1225 3240 1298 3304 334.
1323 3241 1366 3302 Μ
1384 3236 1459 3302 263.

293 3343 327 3404 Ν
346 3339 419 3403 406.
444 3342 481 3401 Π
501 3336 575 3401 636.
601 3341 630 3398 Y
650 3337 723 3400 276.
751 3339 782 3400 Φ
804 3336 878 3401 392.
907 3359 923 3400 ε
945 3337 1019 3401 426.
1048 3361 1067 3422 χ
1090 3339 1171 3421 278,
1199 3342 1284 3401 cuius
1312 3339 1460 3418 digammo

289 3438 473 3501 restituendo
493 3440 545 3517 qui
563 3437 713 3498 adversari
732 3437 849 3498 videtur
867 3455 971 3498 versus
991 3457 1007 3498 a
1026 3434 1089 3498 281
1110 3437 1281 3498 Aristarcho
1301 3443 1461 3515 suspectus

290 3541 346 3600 luit
373 3544 404 3598 et
427 3538 451 3598 si
474 3537 574 3596 minus
597 3534 759 3615 eiciendus,
782 3541 812 3594 at
835 3533 937 3595 saltem
962 3533 1164 3596 emendandus
1187 3543 1246 3616 est,

378 3625 499 3717 ῥρητός
534 3633 566 3694 Φ
593 3629 674 3713 445,
706 3632 833 3713 spuerio
860 3632 884 3692 I
909 3630 989 3712 443,
1022 3625 1165 3716 ἄλρητος
1192 3635 1221 3695 Ρ
1240 3631 1291 3696 37.
1321 3634 1354 3694 Ω
1385 3629 1460 3695 741.

291 3730 307 3810 ξ
329 3731 408 3813 466,
430 3721 643 3811 παράλρητος
663 3730 686 3790 Ι
707 3727 772 3791 526
796 3731 834 3790 Ν
854 3728 928 3812 726,

378 3821 481 3913 λριιιή
506 3827 546 3888 Μ
567 3825 641 3888 462.
667 3827 695 3888 0
722 3825 793 3889 171.
820 3828 850 3888 Τ
869 3825 942 3890 358.
968 3829 1000 3890 Φ
1025 3827 1074 3891 12.
1097 3832 1124 3890 θ
1150 3828 1225 3912 192,

379 3919 503 4009 λρυσός
520 3926 543 3987 Ι
555 3921 628 3988 503.
649 3910 770 4004 2674,
788 3919 1029 4007 λρυστολζεσκεν
1047 3927 1080 3987 Ω
1095 3923 1169 4007 755,
1187 3919 1316 4010 λρντήρ
1336 3929 1373 3989 H
1383 3925 1463 4006 475,

290 4021 461 4109 ῥρόπαλον
485 4023 516 4085 Λ
539 4020 613 4085 559.
640 4023 681 4084 Μ
699 4019 772 4085 561.
797 4046 809 4085 ι
833 4021 907 4105 319,

378 4115 547 4205 dddyvvut
563 4121 605 4182 M
618 4119 689 4184 198.
704 4119 778 4184 308.
793 4123 831 4183 Ν
841 4119 915 4184 323.
936 4122 964 4183 0
983 4121 1055 4184 617.
1075 4123 1104 4183 Ρ
1119 4119 1192 4184 751.
1214 4125 1243 4183 Y
1259 4121 1310 4185 55.
1341 4125 1378 4184 Ψ
1388 4121 1465 4206 673,

290 4216 483 4306 λρηξήνορα
506 4219 542 4281 Η
559 4217 632 4282 228.
657 4221 696 4280 Ν
710 4218 784 4283 324.
808 4222 846 4281 Η
862 4220 933 4282 146.
953 4219 1026 4302 575,
1048 4213 1201 4301 derogaris
1230 4222 1267 4281 Ψ
1281 4220 1356 4302 420,
1377 4221 1465 4303 foar-

292 4315 411 4401 ναλέος
433 4319 460 4379 Β
484 4315 559 4379 417.
581 4339 603 4379 ν
626 4315 700 4380 438.
725 4339 743 4399 ρ
770 4315 841 4381 198.
865 4332 887 4381 σ
913 4317 985 4399 109,
1008 4319 1168 4401 λρηγμῖνι
1187 4319 1219 4380 Α
1241 4317 1315 4382 437.
1336 4321 1364 4381 Β
1389 4316 1464 4381 773.

293 4419 322 4480 Θ
345 4413 418 4478 501.
442 4416 480 4475 Π
500 4411 552 4479 67.
577 4417 605 4476 Τ
626 4411 701 4498 220,
723 4416 851 4498 denique
876 4413 1012 4499 dfonfiau
1036 4416 1068 4478 Γ
1086 4415 1160 4479 348.
1184 4417 1224 4478 Η
1237 4413 1312 4480 259.
1335 4417 1379 4478 Μ
1388 4415 1464 4480 291.
