3280 5104
752 373 990 439 -142-

282 539 428 598 variarum
458 536 619 596 formarum
646 537 727 614 optio
756 534 967 615 praebebatur,
996 535 1104 596 dubios
1125 537 1199 596 istos
1222 536 1336 596 datiros
1355 535 1452 596 elimi-

280 635 394 696 nandos
422 635 530 694 curavi
576 631 640 702 Qua
663 632 700 693 de
731 651 819 694 causa
847 651 965 712 semper
992 631 1180 713 μειλιχίοισι
1208 628 1360 710 ίέπεσσι,
1393 653 1453 694 non

280 730 453 813 μειλιχίοις
485 725 629 808 ἐπέεσσι,
662 721 818 810 ἀγανοῖσι
849 725 996 810 βέλεσσι,
1028 749 1088 790 non
1120 720 1261 810 ἀγανοῖς
1291 727 1456 810 βελέεσσι,

280 835 430 910 τρητοῖσι
453 822 598 909 λέχεσσι,
622 846 681 888 non
705 835 837 908 τρητοῖς
859 823 1020 908 λεχέεσσι,
1042 827 1185 890 πλείοισι
1209 824 1365 907 δέπασσι,
1393 847 1453 889 oon

281 926 407 1000 πλείοις
434 919 611 1006 δεπάεσσι,
637 926 694 986 alia
722 926 751 986 id
780 943 874 1004 genus
902 927 1009 1003 scripsi
1037 942 1093 986 neo
1123 925 1286 1005 quidquam
1312 928 1454 1006 ponderis

281 1029 312 1086 in
335 1026 390 1086 bac
414 1043 447 1085 re
470 1025 607 1086 codicum
631 1023 699 1084 ndei
723 1023 823 1084 tribui.
869 1021 950 1083 idem
973 1023 1007 1082 Ω
1025 1021 1090 1083 664
1113 1017 1287 1103 μεγάροισι
1311 1023 1455 1108 γοῷμεν,

281 1123 324 1184 Μ
352 1120 415 1184 297
451 1120 614 1204 χροσῇσιν
647 1113 821 1202 ῥάβδοισι,
854 1122 886 1180 Δ
918 1117 983 1181 253
1015 1113 1214 1202 προμάχοισ’
1248 1113 1290 1184 ὑί
1320 1122 1454 1183 scribere

281 1240 368 1301 quarn
401 1220 538 1280 codicum
567 1237 685 1279 errores
713 1212 869 1300 μεγάροις
898 1210 1072 1298 γοάοιμεν,
1104 1219 1259 1302 χρυσείῃς
1286 1213 1454 1300 ῥάβδοισι,

280 1311 465 1399 προμάχοις
488 1317 547 1378 σοί
569 1335 731 1398 propagare
755 1315 853 1376 malui.
899 1315 990 1376 lllulto
1015 1334 1084 1375 vero
1108 1319 1286 1395 propensius
1310 1317 1454 1378 lectiones

281 1425 365 1496 parto
389 1415 493 1476 saltem
516 1415 652 1476 codicum
675 1417 971 1494 grammaticorumve
990 1415 1178 1475 confirmatas
1197 1406 1248 1476 ἐπ’
1270 1405 1455 1495 ἀκροτάτης

280 1511 432 1596 κορυφῇς
458 1508 525 1594 (γρ.
552 1505 603 1574 ἐπ’
634 1503 817 1595 ἀκροτάτης
839 1505 1004 1594 κορυφῇς)
1030 1513 1067 1572 Ν
1088 1511 1144 1593 12,
1167 1505 1362 1594 προσώπασι
1386 1507 1453 1594 (γρ.

278 1604 485 1693 προσώποις)
515 1612 553 1671 Η
579 1609 658 1691 212,
684 1603 758 1672 τότε
781 1601 814 1670 δ’
841 1601 936 1670 οὔτι
960 1605 1025 1689 (γρ,
1048 1617 1119 1682 τοῖς
1141 1601 1173 1671 δ’
1199 1603 1310 1694 οὔτι)
1334 1614 1366 1671 A
1389 1607 1451 1671 241

279 1712 390 1790 recepi,
409 1708 604 1788 similiterque
623 1707 688 1769 aliis
707 1706 789 1786 locis,
808 1706 889 1767 velut
907 1707 935 1766 Β
955 1704 1030 1767 347.
1049 1704 1123 1768 516.
1144 1706 1216 1768 733.
1236 1710 1267 1768 Ε
1285 1704 1336 1770 75.
1356 1709 1383 1768 Ζ
1402 1706 1453 1776 34,

280 1809 310 1867 Ρ
324 1805 398 1885 365,
413 1807 508 1868 labem
523 1807 654 1867 abiectae
669 1806 778 1867 vocalis
793 1828 805 1866 ι
820 1825 836 1865 a
850 1808 1014 1866 carminum
1029 1809 1199 1884 integritate
1214 1807 1297 1866 arcui
1312 1814 1342 1867 et
1355 1807 1454 1866 versui

279 1905 323 1965 M
332 1903 398 1966 372
412 1906 539 1965 admissa
560 1905 652 1965 lorma
670 1912 740 1977 τοῖς
759 1907 876 1982 signum
897 1904 1133 1982 interpolationis
1152 1907 1257 1965 atticae
1275 1907 1454 1984 impressum

281 2021 347 2062 esse
367 2005 499 2082 cognovi.
536 2003 630 2063 Porro
649 2002 762 2083 dubito,
780 2021 817 2062 an
836 2005 900 2080 ipsa
915 2003 1007 2062 lorma
1022 2004 1111 2062 attica
1131 2001 1274 2062 librorum
1288 1995 1456 2082 παλάμαις

281 2103 313 2160 Α
341 2097 405 2162 238
434 2109 465 2160 ot
491 2091 605 2173 ἀκταῖς
632 2100 676 2160 Μ
699 2098 764 2161 284
792 2098 958 2160 emendatio
986 2093 1120 2181 παλάμῃ
1146 2107 1176 2160 et
1198 2091 1280 2182 ἀκτῇ
1305 2118 1453 2160 commen·

281 2199 368 2258 detur
405 2209 436 2258 et
468 2198 498 2258 Λ
533 2195 595 2258 132
633 2198 776 2260 indicium
813 2205 971 2276 corruptae
1007 2198 1144 2259 lectionis
1176 2193 1213 2258 έν
1242 2188 1453 2278 Ἀντιμάχοιο

280 2289 399 2375 δόμοις
427 2315 462 2356 ex
491 2299 638 2374 scriptura
668 2295 833 2356 Zenodotea
861 2291 898 2356 ἐν
926 2285 1069 2374 ἀφνειοῦ
1092 2291 1215 2377 πατρός
1238 2298 1345 2357 merito
1369 2313 1454 2374 repe·

281 2401 370 2453 tatur.
416 2392 506 2454 Facili
539 2413 657 2474 quoque
693 2411 782 2472 opera
818 2395 965 2454 restitutis
993 2392 1073 2454 duali
1099 2400 1174 2454 τοῖν
1202 2388 1287 2473 (τοῖς
1314 2391 1397 2475 libri)
1426 2393 1454 2452 Β

283 2485 380 2576 747¹)
409 2492 455 2552 vel
483 2492 627 2570 singulari
653 2489 723 2576 θεῷ
752 2487 860 2572 (θεοῖς
883 2486 966 2576 libri)
991 2493 1022 2552 Ε
1044 2489 1123 2568 606,
1148 2490 1283 2552 formulis
1305 2499 1393 2552 τοῖσι
1417 2482 1451 2550 δ’

281 2575 325 2650 αὖ
367 2584 450 2671 (τοῖς
487 2583 518 2650 δ’
559 2576 653 2662 αὖτις
690 2582 772 2671 libri)
812 2591 850 2650 H
884 2588 947 2651 170
985 2597 1016 2650 et
1052 2589 1085 2650 K
1122 2586 1201 2667 241,
1238 2597 1269 2650 et
1305 2585 1455 2651 τοῖσίνδε

281 2681 464 2768 (τοῖσδεσσι
502 2683 584 2770 libri)
617 2687 651 2747 K
681 2684 761 2766 462,
797 2687 844 2747 vel
881 2688 1017 2748 admissis
1050 2685 1223 2747 durioribus
1255 2688 1388 2748 numeris
1420 2682 1455 2760 ἓξ

282 2785 395 2866 οἴησιν
422 2785 525 2865 νηυσί
552 2779 618 2868 (γρ.
646 2780 679 2859 ἓξ
707 2786 780 2866 οῖης
807 2776 872 2845 σὺν
900 2781 1016 2866 νηυσί)
1039 2785 1070 2844 Ε
1092 2782 1171 2864 641,
1199 2776 1275 2846 ἕνθ’
1300 2775 1456 2847 ἄλλοισιν

281 2879 363 2943 πάσι
392 2874 483 2965 (ἐνθ’
509 2874 624 2955 ἀλλοις
647 2875 708 2961 μὲν
730 2879 811 2942 πάσι
836 2878 919 2965 libri)
942 2883 976 2944 Ω
999 2879 1042 2942 25
1065 2880 1110 2941 vel
1134 2881 1281 2942 similibus
1305 2882 1456 2943 vocabulis

282 2979 463 3063 substitutis,
487 2988 521 3041 ut
544 2981 575 3040 Ε
596 2977 639 3040 86
662 2990 693 3040 et
717 2981 748 3040 X
763 2978 830 3042 442
854 2989 885 3042 et
911 2981 948 3041 Ψ
969 2977 1034 3041 535
1058 2982 1155 3040 sanari
1178 2988 1312 3058 possunt.
1358 2978 1455 3059 Impli-

281 3080 375 3138 catior
401 3087 446 3138 est
469 3095 567 3138 causa·
582 3095 721 3138 versuum
747 3079 780 3139 A
806 3075 957 3139 153-54

372 3182 442 3248 τοῖς
465 3169 502 3237 dl
525 3169 614 3256 βάρν
636 3169 805 3257 στενάχων
828 3171 952 3256 μετέφη
975 3173 1096 3257 κρείων
1116 3167 1329 3255 Ἀγαμέμνων

370 3267 481 3354 χειρὸς
504 3272 589 3355 ἔχων
613 3268 805 3352 Μενέλαον,
831 3265 1089 3354 ἐπεστενάχοντο
1113 3265 1145 3334 δ’
1171 3267 1312 3354 ἑταῖροι,

282 3370 334 3430 ubi
356 3363 417 3432 τὸν
441 3367 494 3450 δέ,
517 3373 595 3452 quod
621 3373 739 3432 codices
763 3371 927 3432 deteriores
950 3371 1033 3432 LNG
1057 3371 1212 3453 exhibent,
1236 3380 1266 3433 et
1289 3367 1453 3452 προσέφη,

283 3469 361 3548 quod
387 3467 443 3528 nde
467 3469 579 3530 codicis
603 3471 624 3530 C
649 3472 797 3548 llrmalur,
821 3468 913 3530 multo
938 3472 1031 3548 magis
1055 3470 1188 3530 arrident
1212 3487 1299 3549 quam
1324 3487 1398 3548 quae
1423 3471 1454 3528 in

282 3570 393 3647 optimo
418 3568 520 3628 codice
540 3567 651 3629 Veneto
670 3573 703 3630 A
725 3567 868 3628 lectiones
892 3569 1043 3646 lerunlur3
1067 3568 1118 3628 sed
1143 3587 1211 3630 cum
1235 3568 1323 3628 lectio
1341 3569 1452 3646 optima

282 3674 311 3726 et
344 3665 409 3728 loco
442 3667 529 3726 unice
558 3666 776 3727 accommodata
803 3655 863 3726 τὸν
892 3658 929 3726 δὲ
957 3683 1025 3726 cum
1052 3667 1139 3726 initio
1166 3667 1319 3744 sequentis
1347 3683 1453 3726 versus
1534 3695 1539 3704 ·

281 3756 392 3845 χειρὸς
420 3761 505 3844 ἒχων
530 3757 706 3825 Μενέλαον
730 3779 817 3841 aegre
841 3762 993 3822 conciliari
1016 3765 1120 3842 possit,
1143 3770 1373 3823 consentaneum
1397 3771 1453 3842 est,

282 3870 315 3921 ut
346 3868 468 3940 recepta
503 3863 651 3941 scriptura
678 3852 739 3922 τὸν
767 3853 805 3920 δὲ
832 3850 921 3940 βαρὺ
946 3853 1117 3940 στενάχων
1145 3854 1297 3940 προσέφη
1326 3859 1452 3921 alterum

281 3978 400 4020 versum
423 3958 622 4019 adtdterinum
647 3966 676 4018 et
695 3956 731 4017 ab
750 3956 898 4034 rhapsodo
916 3955 1014 4036 aliqum
1034 3975 1069 4016 ex
1090 3957 1243 4036 particulis
1262 3958 1452 4036 antiquorum

281 4075 422 4119 versuum
446 4057 477 4116 Λ
499 4054 564 4118 488
588 4066 619 4116 et
638 4055 670 4114 X
683 4051 749 4114 429
773 4053 932 4114 conllatnm
956 4071 1021 4114 esse
1046 4055 1221 4116 iudicemus.
1258 4054 1316 4115 Sed
1336 4054 1453 4133 longius

282 4163 316 4215 ut
343 4154 548 4234 procederem,
576 4153 648 4214 adeo
677 4173 693 4212 a
721 4171 768 4212 mc
796 4153 956 4230 impetrare
985 4169 1044 4212 non
1072 4155 1170 4232 potui,
1198 4160 1232 4214 ut
1259 4155 1295 4213 iis
1324 4163 1453 4231 quoqne,

373 4389 398 4456 1)
419 4385 554 4442 Similiter
572 4387 682 4442 dualem
703 4388 847 4457 στιβαροῖν
867 4381 964 4458 βάλετ’
985 4381 1073 4456 cipeto
1093 4387 1107 4452 ξ
1127 4393 1178 4442 528
1194 4389 1224 4442 el
1237 4406 1253 4441 ο
1268 4393 1301 4441 61
1317 4403 1454 4456 reponen-

182 4471 185 4478 '
282 4465 349 4520 dum
372 4469 401 4520 el
423 4465 531 4535 epicam
551 4467 669 4522 formum
688 4466 801 4520 πολέσιν
820 4467 915 4538 φλιῇσι
934 4487 950 4534 ρ
968 4471 1019 4518 221
1039 4465 1242 4522 restituendam
1261 4483 1321 4520 esso
1340 4482 1452 4522 censeo.
