3244 5076
639 401 791 453 mAAoz
808 403 846 452 VI

159 561 280 646 βουσὶν
303 558 353 628 ἐπ’
380 556 582 626 εἰλιπόδεσσι
605 559 661 626 καὶ
684 558 848 648 ἀργεννῇς
871 557 1007 626 ὀίεσσιν.

159 669 283 754 μητέρα
307 664 352 752 δ’,
375 662 396 752 ἢ
420 671 596 751 βασίλευεν
619 663 685 734 ὑπὸ
709 664 834 757 Πλάκῳ
857 661 1020 754 ὑληέσσῃ,

159 773 221 861 τήν
246 773 314 842 ἐπεὶ
338 768 381 858 ἀρ
405 770 498 860 δεῦρ’
523 769 621 858 ἤγαγ’
646 768 704 859 ἀμ’
730 771 861 839 ἀλλοισι
884 771 1090 856 κτεάτεσσιν,

160 878 208 962 ἀψ
232 878 251 948 δ’
274 906 312 965 γε
334 878 397 967 τὴν
420 877 563 946 ἀπέλυσε
586 876 700 964 λαβών
723 876 884 962 ἀπερείσι’
911 877 1043 948 άποινα.

159 987 283 1074 πατρὸς
306 985 337 1055 δ’
364 989 400 1055 έν
424 987 596 1074 μεγάροισι
619 982 695 1071 βάλ’
713 983 865 1073 Ἀρτεμις
889 987 1069 1075 ίοχέλαιρα.

160 1092 296 1180 Ἕκτορ,
319 1091 403 1180 άτάρ
426 1092 469 1161 σὺ
495 1098 555 1180 μοί
576 1095 647 1160 ἐσσι
670 1089 777 1177 πατὴρ
801 1092 855 1159 καὶ
879 1092 998 1160 πότνια
1022 1091 1128 1180 μήτηρ

159 1201 221 1288 ήδὲ
243 1206 456 1286 κασίγνητος,
479 1199 521 1266 σὺ
545 1201 585 1267 δέ
606 1225 662 1285 μοι
684 1197 830 1285 θαλερὸς
851 1205 1064 1284 παρακοίτης·
1279 1219 1333 1268 430

160 1305 233 1376 ἀλλ’
260 1305 319 1393 ἀγε
342 1310 408 1374 νῦν
431 1307 556 1392 ἐλέαιρε
579 1306 636 1372 καὶ
659 1302 764 1373 αὐτοῦ
786 1304 880 1392 μίμν’
906 1306 958 1373 έπλ
981 1304 1115 1394 πύργῳ,

161 1415 206 1502 μή
230 1409 321 1482 παῖδ’
349 1411 538 1501 ὀρφανικὸν
561 1418 658 1500 θείης
680 1411 787 1501 χήρην
810 1437 845 1479 τε
867 1426 1019 1498 γυναῖκα.

161 1520 245 1589 λαὸν
269 1520 305 1587 δὲ
330 1523 455 1605 στῆσον
478 1515 555 1606 παρ’
582 1519 727 1606 ἐρινεόν,
752 1524 837 1587 ἔνθα
860 1517 1002 1605 μάλιστα

160 1627 307 1716 ἀμβατός
331 1629 399 1694 έστι
422 1625 517 1706 πόλις
540 1627 595 1692 καὶ
618 1628 801 1713 ἐπίδρομον
824 1630 938 1693 ἔπλετο
961 1639 1075 1712 τεῖχος.

160 1735 232 1820 τρὶς
254 1732 317 1822 γάρ
341 1735 380 1821 τῇ
404 1730 436 1818 γ’
462 1731 620 1810 ἐλθόντες
642 1729 859 1820 ἐπειρήσανθ’
885 1735 920 1799 ολ
941 1729 1070 1818 άριστοι
1281 1752 1333 1800 433

161 1838 246 1929 ἀμφ’
272 1849 397 1907 Αἴαντε
420 1839 489 1905 δύω
513 1841 568 1906 καὶ
591 1837 781 1925 ἀγακλυτὸν
801 1837 975 1925 Ἰδομενῆα

160 1946 217 2035 ἡδ’
244 1945 330 2034 ἀμφ’
353 1944 520 2034 Ἀτρεΐδας
542 1945 597 2013 καὶ
625 1947 749 2025 Τυδέος
772 1943 912 2031 άλκιμον
935 1944 1025 2012 υἱόν·

87 2091 90 2096 -
161 2051 182 2139 ή
206 2052 272 2119 πού
296 2057 345 2132 τίς
367 2072 449 2138 σφιν
473 2057 585 2119 ἔνισπε
608 2057 823 2136 θεοπροπίων
846 2051 884 2118 έὺ
905 2050 1041 2134 λειδτός,

161 2158 182 2246 ἥ
205 2185 250 2227 νυ
272 2159 327 2225 καλ
352 2157 462 2226 αὐτῶν
485 2157 596 2244 θυμὸς
620 2157 808 2245 έπιότρυνεν
831 2158 886 2224 καλ
909 2154 1062 2242 άνάγει.“

251 2263 312 2352 τήν
336 2263 368 2332 δ’
394 2257 473 2332 αὖτε
496 2266 691 2349 προσέίειπε
715 2267 816 2352 μέγας
837 2271 1062 2349 κορυθαίολος
1076 2262 1217 2350 Ἕκτωρ·
1281 2285 1335 2334 440

162 2364 207 2458 ,,ή
230 2371 285 2438 καὶ
310 2372 382 2457 ἐμοὶ
404 2372 484 2440 τάδε
507 2371 617 2438 πάντα
639 2373 745 2458 μέλει,
768 2371 882 2457 γύναι·
914 2367 998 2437 ἀλλά
1021 2367 1098 2456 μάλ’
1125 2375 1228 2451 αἰνῶς

163 2479 316 2565 αίδεόμαι
343 2483 457 2566 Τρῶας
479 2479 535 2545 καὶ
562 2477 722 2565 Τρῳάδας
744 2478 1010 2562 ἑλκεσιπέπλους,

163 2595 202 2652 αλ
220 2611 256 2652 κε
280 2583 381 2664 κακὸς
403 2581 448 2665 ἀς
469 2584 595 2671 νόσφιν
618 2581 790 2664 ἀλυσκάζω
814 2583 980 2669 πολέμοιο.

163 2690 247 2759 οὐδέ
267 2717 307 2778 με
329 2689 441 2778 θυμὸς
463 2690 610 2778 άυωγεν,
634 2691 703 2758 ἐπεὶ
726 2690 839 2777 μάθον
862 2694 1000 2776 ἔμμεναι
1024 2691 1146 2770 ε’σθλός

163 2798 307 2866 αἰεὶκαὶ
331 2796 492 2885 πράτοισι
516 2796 596 2885 μετά
626 2796 773 2885 Τράεσσι
797 2797 981 2884 μάχεσθαι,
1282 2818 1334 2867 445

164 2903 353 2994 ἀρυόμενος
374 2903 498 2992 πατρός
519 2932 554 2973 τε
577 2907 660 2993 μέγα
682 2907 799 2985 κλέίος
821 2902 876 2991 ἠδ’
903 2903 984 2991 ἐμὸν
1008 2903 1123 2972 αὐτοῦ.

165 3005 202 3080 εὖ
225 3011 290 3100 γάρ
314 3009 378 3098 έγά
401 3010 480 3079 τόδε
502 3016 602 3080 ίοῑδα
624 3012 707 3079 κατά
728 3013 837 3100 φρένα
859 3012 915 3079 καὶ
938 3011 1021 3080 κατά
1043 3009 1171 3100 θυμόν·

165 3123 293 3186 ἔσσεται
317 3109 422 3206 ήμαρ,
447 3114 495 3186 ὅτ’
522 3117 565 3185 ἀν
588 3115 661 3186 ποτ’
687 3115 796 3206 όλάλη
812 3117 915 3199 Ἴλιος
938 3118 995 3206 ίρή

164 3227 220 3293 καὶ
242 3231 396 3314 Πρίαμος
418 3225 474 3292 καὶ
496 3222 576 3306 λαὸς
599 3228 761 3311 έυμμελίω
785 3224 964 3313 Πριάμοιο.

165 3331 238 3400 ἀλλ’
264 3331 307 3401 οὔ
330 3359 387 3418 μοι
415 3331 540 3418 Τράων
562 3331 686 3400 τόσσον
710 3333 800 3417 μέλει
823 3329 926 3417 άλγος
950 3329 1091 3416 ὀπίσσω,
1283 3353 1336 3402 450

166 3437 237 3507 οὔτ’
264 3437 365 3526 αὐτῆς
382 3436 525 3525 Ἑκάβης
549 3436 625 3506 οὔτε
647 3437 816 3525 Πριάμοιο
839 3437 1005 3517 έάνακτος

166 3544 244 3614 ου’τε
266 3545 493 3633 κασιγνήτων,
518 3549 553 3613 οἵ
573 3571 631 3613 κεν
654 3547 770 3624 πολέες
792 3571 826 3612 τε
849 3546 905 3612 καὶ
928 3547 1049 3613 ἐσθλοί

167 3653 202 3720 ἐν
225 3658 357 3741 κουίησι
380 3655 515 3720 πέσοιεν
537 3649 593 3720 ὑπ’
618 3650 765 3740 ἀνδράσι
788 3653 1040 3740 δυσμενέεσσιν,

237 3847 305 3903 4281’
320 3875 353 3895 =
370 3851 393 3902 Ε
408 3856 441 3903 53
532 3845 600 3903 43312
615 3874 648 3894 =
663 3855 687 3902 A
701 3855 754 3902 528
844 3854 897 3903 440
912 3875 945 3894 ==
964 3853 1064 3904 11233.
1084 3854 1145 3904 287.
1166 3853 1255 3903 71232

166 3935 218 3982 442
234 3956 268 3974 =
281 3933 309 3982 X
324 3935 373 3983 105
446 3933 552 3984 447-3
568 3955 600 3974 =
616 3935 641 3982 Δ
658 3934 770 3983 163-5.

238 4095 290 4144 436
309 4085 494 4144 mammo
593 4095 646 4142 432
664 4089 787 4157 θείηςθ
825 4084 943 4160 θήηςΑ
979 4087 1056 4160 θήης
1074 4089 1170 4144 Ambr.
1208 4087 1284 4158 θήης
1303 4089 1337 4156 D,

167 4171 202 4226 cf.
222 4171 291 4240 prol.
310 4177 326 4236 ἕ
344 4178 379 4225 30
454 4174 560 4224 433-3
579 4164 754 4223 ἀθετοῦνται
774 4170 861 4224 schol.
882 4172 905 4224 A
989 4177 1041 4224 434
1061 4166 1173 4240 άμβατή
1193 4169 1337 4224 Callistra-

167 4257 212 4307 tus
284 4257 336 4306 436
354 4253 387 4323 τῇ
407 4247 450 4319 γί
474 4271 515 4318 γρ.
535 4245 600 4320 τῇδ’
621 4249 751 4306 schoLA
836 4254 887 4304 433
905 4245 1027 4317 Ἀτρείδα
1046 4249 1125 4304 Ixion
1211 4256 1264 4305 438
1284 4252 1337 4312 τίςι

167 4335 196 4386 τί
208 4331 504 4401 Δ-θεοπροιιίαςῦ
540 4324 767 4400 θεοπροπέωνΙ)
833 4336 886 4384 433
904 4351 946 4399 γρ.
962 4327 1065 4392 αὐτοὺς
1080 4329 1167 4384 schol.
1183 4331 1251 4384 A-
1267 4326 1336 4385 λιτά-

167 4433 269 4480 τρυνεν
287 4415 438 4468 Duentzer:
459 4407 607 4480 έποτρόνει
627 4410 705 4465 οοδδ.
795 4414 848 4462 443
867 4403 916 4472 ω”ςτ
937 4429 979 4478 γρ.
998 4401 1017 4484 ᾇ
1036 4409 1114 4464 Eunt.
1200 4417 1251 4467 443
1270 4409 1337 4482 γάρι

168 4491 261 4562 μδνΟ
334 4497 385 4546 443
406 4487 556 4562 ένμμελίου
576 4489 604 4546 C.

221 4591 289 4642 Iliun,
303 4591 336 4630 εδ.
352 4591 435 4631 christ.
1090 4587 1121 4633 21
