3280 5104
661 377 897 440 -161-

192 526 292 615 ἐέρση
321 543 351 596 et
379 527 525 619 ἐερσήεις
556 537 707 598 declarare
740 539 892 620 videntur3
923 540 974 601 sed
1008 542 1132 622 simplex
1166 534 1295 626 ἑρσήεις
1325 547 1367 607 di·

192 652 309 712 gammo
333 641 414 694 caret
438 635 469 694 in
492 637 607 696 naeniis
631 634 727 696 ultimi
751 634 820 695 libri
847 637 881 698 Ω
905 635 968 698 757
1003 649 1033 700 et
1061 643 1150 702 etiam
1177 638 1208 712 Ξ
1233 640 1312 724 348,
1340 647 1368 704 si

193 733 331 793 codicum
354 733 442 795 fidem
467 737 629 814 sequimur.
677 729 822 816 (caruisse
847 730 987 819 videtur.)

280 824 392 910 feodo
416 833 566 893 diversum
594 831 706 892 illuda
735 824 874 912 ῥύομαι,
907 834 987 912 quod
1021 854 1057 895 ex
1090 829 1234 918 epdopm
1268 846 1367 899 ortum

193 947 259 988 esse
276 928 336 989 Leo
360 928 461 1010 Meyer
484 929 518 990 Κ.
543 929 572 989 Ζ.
593 928 656 989 lllll
676 926 718 990 88
743 929 853 1009 docuit,
876 932 934 991 iam
957 931 1079 994 Homeri
1102 943 1197 996 aetate
1221 935 1367 1013 digamma

193 1027 311 1088 abicere
336 1030 470 1106 coepisse
493 1035 615 1106 apparet
643 1047 678 1087 ex
699 1028 731 1086 A
756 1027 817 1089 141
844 1056 886 1078 --
908 1031 935 1090 θ
958 1028 1001 1090 34
1025 1057 1067 1080 =
1090 1049 1114 1092 rc
1137 1030 1210 1095 348.
1236 1036 1269 1094 Δ
1291 1031 1366 1094 492.

194 1121 318 1186 Ρ635.
348 1123 419 1186 713.
451 1127 480 1184 Τ
501 1123 575 1186 311.
610 1122 716 1185 Ψ21.
747 1124 860 1206 1216,
889 1126 940 1186 sed
970 1129 1129 1206 quominus
1157 1147 1281 1206 prorsus
1309 1133 1367 1193 iam

193 1223 342 1285 abiectum
366 1225 510 1302 digamma
536 1225 627 1284 luisse
651 1225 817 1305 opinemur,
841 1223 943 1286 multis
961 1224 1044 1306 locis,
1067 1225 1177 1304 quibus
1201 1244 1284 1290 suam
1308 1232 1368 1291 vim

193 1328 304 1402 tuetur,
330 1321 409 1382 velut
433 1315 470 1383 δὲ
492 1315 752 1404 ιΡεουσσοὶμενος,
775 1315 878 1384 πάλιν
899 1314 1070 1402 ΙΡερύσοσα
1093 1322 1295 1401 prohibemur.
1333 1328 1367 1388 ln

194 1437 281 1480 versu
308 1420 337 1479 0
360 1417 402 1481 29
424 1412 487 1482 τὸν
509 1411 571 1500 μὲν
593 1410 682 1498 ἔνων
705 1417 807 1481 ἔνθεν
830 1412 985 1501 ῥυσάμην
1007 1413 1063 1480 καὶ
1083 1411 1255 1503 ἀνήγαγον
1274 1409 1368 1498 αὖτις

193 1518 318 1579 verbum
346 1511 515 1598 ῥυσάμην,
543 1536 615 1578 cum·
639 1516 827 1599 extrahendi,
859 1536 919 1578 uon
948 1517 1084 1578 servandi
1113 1521 1172 1580 viru
1200 1520 1318 1603 babeat,
1351 1541 1366 1582 a

192 1629 276 1694 poeta
300 1609 478 1698 fpvoolppe
501 1618 519 1676 i
544 1634 569 1676 c.
591 1607 817 1698 l(e)pvoelpapv
839 1616 1065 1694 pronuntiatum
1088 1635 1154 1678 esse
1178 1619 1303 1681 videtur.

281 1708 390 1786 Hace·
414 1713 559 1792 digamma
582 1713 672 1774 herlus
696 1715 837 1794 nominis,
861 1716 948 1774 cuius
972 1719 1052 1774 certa
1083 1721 1113 1774 et
1136 1715 1299 1778 indubitata
1323 1720 1366 1778 in·

191 1812 267 1872 dicia
299 1811 465 1872 Homericis
495 1810 677 1872 carminibus
705 1811 809 1872 deesse
837 1811 988 1871 llnocsius
1013 1829 1040 1889 p.
1071 1807 1134 1872 108
1158 1815 1287 1892 monuit,
1315 1833 1365 1874 ne-

191 1908 322 1987 glectum
347 1917 475 1970 estune
504 1908 569 1969 loeo
596 1899 731 1970 τοσαῦτ’
762 1907 836 1970 ἔτεα
864 1908 892 1968 Β
920 1905 998 1988 328,
1029 1907 1109 1986 quod
1138 1910 1189 1987 qui
1216 1907 1364 1972 τοσαῦτα

192 2001 272 2088 ἱέτη
296 2006 441 2087 scribunt,
465 2027 502 2068 ex
526 2005 622 2086 ScyHa
645 2008 676 2066 in
700 2003 878 2085 Charybdim
901 2004 1046 2065 incidunt.

279 2097 387 2185 fodris
406 2113 435 2166 et
452 2103 567 2186 ἕήδος,
587 2121 744 2184 quaecum
763 2094 923 2165 daedaleo
943 2101 1103 2162 cohaerere
1116 2110 1206 2184 patet,
1221 2105 1366 2184 digamma

191 2203 331 2264 instabile
354 2202 494 2265 babuisse
518 2203 669 2282 ridentur,
697 2219 753 2280 qua
778 2201 814 2262 de
838 2219 926 2262 eausa
951 2202 982 2260 A
1005 2195 1080 2261 576.
1104 2201 1136 2260 Λ
1159 2199 1232 2264 318.
1256 2217 1277 2264 o
1300 2202 1366 2266 404

193 2300 332 2362 traditam
355 2301 513 2363 lectionem
537 2296 659 2380 ἐσθλῆς
683 2295 812 2359 ἔσσεται
840 2283 922 2378 laag
949 2300 1080 2360 retinere
1110 2317 1198 2378 quam
1227 2305 1365 2380 pessimis

192 2401 325 2460 numeris
358 2419 427 2462 cum
454 2399 568 2478 Heynio
601 2406 632 2458 et
658 2394 793 2455 Beklrero
824 2393 947 2476 ἐσθλῆς
975 2393 1068 2458 ἔσται
1094 2394 1199 2476 eddon
1232 2400 1364 2461 scribere

191 2496 295 2578 malui,
327 2517 425 2578 neque
453 2500 591 2578 cuiquam
622 2500 725 2555 auctor
753 2493 809 2552 sim
837 2493 1013 2554 emendandi
1037 2511 1088 2554 ser
1112 2492 1260 2574 Odysseae
1284 2496 1365 2556 lotos

190 2591 287 2675 751.
311 2599 338 2656 θ
361 2593 412 2656 64.
437 2616 449 2658 ι
473 2593 546 2658 210.
569 2616 590 2656 ν
615 2590 665 2655 80.
688 2612 706 2653 τ
729 2585 803 2652 510.
827 2611 853 2652 ω
877 2587 929 2652 95.
980 2589 1061 2652 ldcm
1090 2599 1188 2652 tamen
1217 2594 1247 2652 in
1276 2591 1365 2654 lbade

193 2693 348 2754 emendari
377 2695 410 2755 A
442 2691 502 2756 131
533 2685 553 2755 ὅ
582 2681 655 2775 (ὅθ’
686 2683 786 2770 codd.)
813 2681 911 2768 endec
941 2697 972 2750 et
1003 2691 1201 2751 inveteratum
1233 2708 1365 2752 errorem

190 2783 343 2872 νήδυμος
365 2794 493 2870 genuina
516 2791 609 2852 lorma
626 2779 786 2868 faidvpog,
810 2789 896 2848 cuius
919 2789 1062 2848 memoria
1081 2790 1113 2848 in
1136 2787 1227 2850 sebol.
1250 2784 1281 2859 :a
1301 2786 1366 2850 242

191 2895 306 2949 serrata
326 2896 381 2970 est,
404 2897 539 2950 revocata
560 2886 668 2968 expuli
704 2883 838 2964 Denique
860 2877 1006 2965 ἅσμενος
1028 2905 1066 2947 au
1088 2878 1256 2966 rdopsvog
1278 2895 1366 2967 poeta

192 2985 313 3068 dixerit,
337 3005 397 3048 uon
420 2995 519 3066 potest
542 2987 679 3049 discerni.

279 3082 366 3164 idue
390 3086 535 3165 digamma
563 3084 701 3146 babuisse
734 3083 833 3142 minus
865 3101 901 3142 ex
935 3085 1049 3162 origine
1082 3082 1218 3145 vocabuli
1251 3085 1364 3144 incerta

192 3201 279 3262 quam
312 3201 348 3242 er
382 3183 565 3263 diphthongo
596 3182 675 3242 iinali
705 3171 810 3242 edred
843 3181 874 3240 in
908 3180 984 3242 thesi
1017 3187 1085 3241 ante
1118 3164 1182 3259 ήκα
1218 3182 1364 3261 producta

191 3300 210 3359 p
238 3277 305 3341 254
329 3281 481 3360 probabile
505 3283 551 3362 ht3
579 3297 657 3341 unus
681 3280 734 3359 qui
752 3277 850 3338 obstat
869 3277 953 3338 locus
972 3290 993 3338 σ
1011 3275 1054 3339 92
1074 3277 1158 3338 lacile
1183 3279 1366 3341 emendatur.

279 3369 365 3457 ,Ρηχή
395 3385 425 3438 et
455 3371 590 3459 fpgrffeeg
619 3395 688 3439 cum
719 3376 866 3455 digammo
895 3375 1016 3435 Homeri
1048 3383 1143 3436 aetate
1176 3380 1365 3454 pronuntiata

191 3493 257 3535 esse
282 3492 318 3535 er
343 3474 460 3536 duobus
483 3475 557 3536 locis
581 3477 613 3536 A
634 3471 694 3536 157
715 3465 871 3535 θάλασσά
893 3491 928 3534 τε
950 3466 1120 3554 logniacum
1143 3483 1173 3534 et
1197 3472 1218 3535 d
1242 3472 1284 3535 72
1303 3467 1367 3535 δυ’-

189 3593 276 3652 poco
306 3565 472 3653 duplisona
495 3573 638 3654 ellicitur,
671 3569 723 3632 sed
746 3571 884 3632 traditam
913 3569 1069 3632 lectionem
1097 3564 1256 3651 πολέμοιο
1287 3567 1365 3632 dvo-

188 3662 286 3750 ηχέος
319 3672 349 3730 iu
381 3662 529 3733 πολὲυου
562 3660 745 3750 δυσὶηχὲος
776 3661 820 3752 (Β
853 3665 926 3730 686.
953 3668 994 3730 Η
1016 3666 1090 3730 376.
1123 3665 1198 3732 395.
1236 3669 1267 3728 Α
1290 3666 1364 3730 524.

190 3763 265 3828 590.
289 3767 327 3827 N
346 3764 419 3829 535.
443 3769 481 3828 Π
500 3766 576 3832 442.
599 3768 634 3827 Σ
653 3763 727 3828 307.
752 3762 827 3826 464.
850 3767 880 3826 X
905 3759 983 3850 180)
1011 3769 1162 3846 corrigere
1190 3783 1249 3827 nou
1273 3783 1364 3828 ausus

189 3883 266 3946 sum,
291 3867 430 3945 quoniam
454 3867 542 3926 etiam
566 3868 596 3926 in
619 3856 751 3944 ὑψηχής
774 3864 817 3922 vis
840 3864 979 3942 digammi
1004 3863 1138 3942 neglecta
1161 3872 1215 3925 est.

279 3956 385 4044 serigo
409 3971 439 4024 et
461 3955 560 4045 ,Ριαχή
585 3983 600 4024 ο
624 3963 770 4042 digamma
789 3961 859 4022 olim
878 3978 983 4022 exorsa
1002 3979 1067 4021 esse
1086 3980 1122 4022 er
1141 3961 1251 4022 aeolica
1271 3961 1364 4022 lorma

189 4051 330 4141 αὐίαχος
353 4064 461 4123 merito
491 4061 685 4142 concludunt,
718 4060 809 4121 medii
832 4049 931 4120 autem
963 4059 1103 4138 digammi
1131 4050 1259 4140 fefdgm
1284 4059 1363 4120 nulla

189 4160 247 4219 iam
272 4167 445 4237 comparent
468 4159 586 4219 indicia.
623 4159 681 4219 Sed
704 4157 811 4219 initiali
835 4175 953 4237 quoque
972 4158 1148 4217 consonanti
1167 4158 1293 4235 spiranti
1310 4159 1363 4220 im-

189 4256 357 4335 perfectum
381 4256 468 4337 ῐαχε,
495 4257 582 4317 cuius
605 4255 725 4334 quidem
749 4254 858 4317 vocalis
886 4275 898 4314 ι
926 4253 1070 4332 producta
1095 4261 1153 4334 est,
1181 4255 1363 4336 adversatur,

190 4361 224 4413 ut
247 4344 362 4433 μεγάλ’
389 4355 472 4434 ἴαχε,
496 4347 548 4415 ἐπὶ
572 4343 604 4413 d’
630 4355 712 4434 ἴαχε,
735 4347 810 4433 περὶ
834 4343 865 4412 d'
892 4353 974 4430 ἴαχε,
998 4350 1077 4430 quod
1101 4370 1169 4412 cum
1193 4371 1229 4414 ex
1253 4348 1363 4435 dfdotge

191 4458 290 4512 ortum
315 4452 363 4531 sit,
386 4453 413 4512 si
437 4450 507 4531 quid
532 4452 705 4512 mutandum
729 4437 893 4530 censerem,
916 4466 975 4509 uon
1000 4466 1068 4510 eum
1091 4449 1223 4513 Hartelio
1246 4443 1363 4532 ὐίαχεν

244 4561 308 4613 runs,
321 4562 357 4603 aa.
372 4560 457 4603 oroi-e
1116 4556 1148 4606 11
