3306 5070
220 401 222 408 s
284 345 346 408 198
766 345 917 396 υιτΑΔοΣ
936 345 958 396 Α

282 508 356 576 οὔτε
382 509 429 574 (οἱ
452 507 527 574 οὔτε
548 528 596 592 τῳ
620 505 722 592 ἄλλῳ,
746 507 816 574 ἐπεί
840 505 870 588 μ’
888 507 1049 592 1όιερέλεεύέ
1073 529 1110 587 γε
1135 508 1260 575 δόντεε·
1284 503 1289 513 ’

281 621 348 682 τῶν
372 615 401 681 δ’
423 615 532 680 ἄλλων
555 615 576 679 ά
599 635 652 696 μοι
675 613 738 680 ἔττι
761 621 820 700 θοῇ
845 616 932 695 παρὰ
955 616 1006 696 νηὶ
1029 616 1173 700 μελαίνῃ,

281 728 348 790 τῶν
371 722 428 788 οὐκ
452 721 543 788 ἄντι
567 723 679 802 φέροι(
703 721 830 787 ἀνελὼν
852 722 1023 790 ἀλέκοντοε
1045 724 1142 802 ἐμεῖο.

283 831 310 896 εἰ
334 829 370 910 δ’,
394 828 451 908 ἄγε
476 831 549 910 μήν,
574 829 730 909 πείρηεαι,
752 829 806 895 ἵνα
829 829 954 907 γνώωει
976 832 1029 895 καὶ
1052 830 1134 896 οἵδε·

284 936 365 1017 αἶψά
388 960 437 1003 τοι
461 937 537 1016 αἷμα
561 938 709 1002 κελαινὸν
733 937 863 1017 ἐρωήεει
886 937 959 1015 περὶ
982 937 1099 1016 δουρί.“

372 1045 416 1108 ὣε
439 1043 485 1108 τκύ
508 1043 539 1121 γ’
561 1041 723 1124 ἀντιβίοισι
742 1046 956 1126 μαχηεαμένω
979 1047 1139 1110 λεπέεεειν

162 1189 165 1198 .
283 1149 454 1233 άνετήτην,
479 1155 577 1215 λύεαν
601 1150 630 1213 δ’
651 1149 774 1230 ἀγορὴν
796 1152 884 1232 παρὰ
907 1152 1015 1231 νηυελν
1039 1148 1183 1231 Ἀχαιῶν.

283 1259 443 1338 Πηλεῖδηε
467 1259 524 1338 μὲν
548 1258 600 1323 ἐπὶ
622 1258 739 1322 κλιελαε
762 1259 813 1322 καὶ
835 1264 914 1339 νῆα(
936 1259 1038 1324 ἑλίεαε

283 1367 332 1446 ἤιε
357 1366 412 1430 εύν
435 1387 470 1430 τε
495 1363 688 1448 Μενοιτιάδῃ
712 1365 852 1431 cattoit
877 1365 1046 1446 ἑτάροιειν·

287 1471 447 1552 Ἀτρεῖδηε
471 1470 499 1535 δ’
522 1469 584 1551 ἄρα
607 1476 669 1551 νῆα
692 1473 772 1552 θοὴν
795 1471 895 1538 ἅλαδε
920 1475 1146 1554 προλέρυεεεν,

286 1579 320 1642 tr
343 1576 372 1641 δ’
394 1579 504 1656 ἐρέταε
528 1579 651 1658 ἔκρινεν
675 1579 840 1660 έλείκοειν,
864 1582 898 1645 ἐε
921 1580 950 1645 δ’
973 1581 1150 1662 ἑκατόμβην

288 1691 360 1766 βῆεε
384 1689 461 1768 θεῷ,
486 1682 548 1749 ἀνὰ
571 1687 606 1750 δὲ
632 1687 789 1765 Χρυτηῐδα
812 1685 1030 1771 καλλιπάρῃον

288 1790 369 1856 εἶτεν
393 1789 496 1869 ἄγων·
529 1792 564 1856 ἐν
588 1790 617 1856 δ’
640 1792 738 1872 ἀρχό(
761 1793 817 1874 ἔβη
842 1795 1015 1874 πολύμητιε
1039 1794 1213 1861 Ὀδυεεεύτ.

376 1899 407 1962 οἳ
430 1901 489 1978 μὲν
513 1898 611 1964 ἔπειτ’
634 1898 812 1980 ἀναβόντεε
834 1903 1014 1967 έπέπλελον
1038 1885 1128 1982 ὑγρὰΙ
1143 1906 1289 1983 κέλευθα,

287 2007 385 2070 λαοὺε
409 2003 438 2068 δ’
460 2003 620 2085 Ἀτρεΐδης
643 2004 911 2086 ἀπολυμαίνεσθαι
935 2007 1061 2086 ἀνώγει.

288 2115 318 2177 οἳ
343 2111 371 2176 δ’
395 2111 650 2192 ἀπελυμαίνοντο
673 2115 723 2177 καὶ
748 2113 792 2178 εἰ(
815 2114 878 2178 άλα
902 2115 1013 2194 λύματ’
1035 2116 1187 2198 ἔβαλλον,

288 2222 402 2299 λέρδον
426 2218 455 2284 δ’
477 2218 656 2286 Ἀπόλλωνι
678 2223 847 2300 τεληέεεαε
870 2221 1045 2303 ἑκατόμβας

287 2328 416 2406 ταύρων
439 2323 488 2405 ἠδ’
512 2327 612 2404 αἰγῶν
636 2327 723 2409 παρὰ
746 2327 809 2393 θῖν’
832 2327 910 2400 άλὸε
934 2328 1135 2409 ἀτρυγέτοιο·

290 2433 374 2513 κνὶεη
399 2432 428 2496 δ’
450 2433 590 2513 οὐρανόν
613 2433 660 2500 ἷκε
684 2437 883 2516 Ἑελιετομένη
906 2437 978 2516 περὶ
1002 2443 1126 2522 καπνῷ·

775 2773 974 2841 ΔΙΤΑΙ.

289 2954 348 3018 Ὣε
373 2954 402 3017 οἳ
427 2953 485 3031 μὲν
508 2951 548 3015 τά
572 2953 711 3016 πένοντο
734 2953 815 3018 κατὰ
838 2955 987 3033 ετρατόν·
1021 2956 1090 3022 οὐδ’
1112 2957 1318 3036 Ἀγαμέμνων
1432 2958 1460 3022 Α

291 3059 362 3140 λῆγ’
385 3059 503 3138 ἔριδοε,
527 3061 585 3137 τὴν
609 3062 739 3138 πρῶτον
762 3061 947 3141 ἐπηπείληε’
970 3061 1104 3144 Ἀχιλῆι,

291 3165 362 3231 ἀλλ’
385 3165 404 3229 ό
427 3187 463 3242 γε
488 3165 668 3246 Ταλθύβιόν
691 3167 799 3231 τεκαὶ
823 3168 1005 3249 Εὐρυβάτην
1024 3173 1248 3259 ,πραεέλειπεω
1409 3189 1462 3236 320

291 3274 336 3336 τώ
360 3279 408 3338 tor
432 3272 507 3338 ἔταν
530 3275 643 3352 κήρυκε
667 3273 718 3338 καὶ
741 3272 866 3354 ὀτρηρὼ
891 3275 1083 3356 θεράποντε·
1110 3347 1114 3356 ,

183 3367 186 3374 ’
291 3379 465 3462 ,,ἔρχεεθον
487 3379 605 3459 κλιείην
628 3379 820 3460 Πηληιάδεω
844 3380 1000 3464 Ἀχιλῆοε,

293 3487 398 3568 χειρό(
422 3485 528 3552 ἑλόντ’
550 3485 668 3566 ἀγέμεν
693 3490 839 3570 Βρισηίδα
862 3490 1088 3575 καλλιπάρῃον.

365 3703 566 3754 303===441
640 3703 844 3754 309=A142
917 3705 1126 3758 312=0474
1198 3707 1413 3760 κωκῦσαι.

364 3901 415 3950 299
436 3889 501 3950 ἐπεί
517 3889 545 3964 (λ’
566 3888 677 3956 ἐθέλεις
695 3889 857 3964 ἀφελέσθαι
876 3896 939 3950 ch.
1012 3903 1064 3951 302
1083 3895 1136 3967 μέν
1155 3901 1205 3954 aut
1222 3896 1280 3970 μάν
1298 3901 1409 3969 requiro

295 3981 346 4032 304
366 3973 556 4046 μαχησαμένω
576 3975 636 4029 Arc
655 3974 858 4046 μαχεσσαμένω
878 3975 950 4030 ACD
1023 3983 1075 4033 ³05
1094 3978 1149 4032 hoc
1164 3995 1245 4033 versu
1264 3980 1386 4048 primum
1405 3999 1464 4035 car-

293 4075 358 4111 men
376 4059 442 4126 apte
461 4056 591 4110 claudere
609 4059 752 4125 poterant,
776 4055 800 4109 si
818 4055 867 4124 qui
885 4073 1008 4112 seorsum
1026 4058 1056 4112 id
1075 4059 1232 4114 recitabant
1310 4065 1362 4115 309
1383 4056 1414 4115 ἐν
1432 4056 1462 4114 δ’

294 4133 392 4203 ἐρέτας
410 4134 466 4202 Ar,
485 4135 519 4192 ci.
539 4142 560 4191 A
577 4141 627 4191 142
682 4142 734 4190 310
750 4130 861 4204 ἄνωγεν
876 4137 965 4205 αούά.,
984 4137 1113 4207 equidem
1128 4138 1279 4208 ancipitem
1299 4139 1466 4210 scripturam

293 4217 395 4272 veteris
414 4215 589 4272 litteraturae
609 4220 739 4272 ΑΝΟΓΕ
757 4217 799 4271 ita
817 4217 993 4288 transcripsi,
1016 4222 1049 4274 ut
1067 4215 1158 4288 ἄνωγε
1179 4219 1334 4288 praesentia
1353 4219 1466 4289 ubique,

294 4293 399 4365 ἀνώγει
417 4297 561 4366 praeteriti
579 4297 636 4352 vim
656 4299 773 4354 haberet
833 4302 886 4353 314
904 4294 1015 4368 λύματα
1034 4295 1136 4370 βάλλον
1156 4299 1285 4354 schol.B
1344 4305 1467 4355 318110·

295 4395 362 4431 vum
391 4393 516 4442 carmen,
545 4377 579 4432 dc
607 4396 662 4447 quo
691 4379 841 4434 dividendo
869 4379 933 4434 vide
961 4380 1031 4449 prol.
1064 4398 1090 4448 p.
1115 4385 1145 4447 9,
1178 4379 1219 4432 sic
1251 4393 1377 4434 exorsum
1406 4396 1467 4435 esee

297 4455 404 4510 conicio
422 4451 557 4524 Ἀτρείδης
575 4451 609 4512 ου’
629 4453 694 4527 λῆγ’
715 4457 808 4528 ἔριδας
826 4453 862 4528 ἣν
880 4459 992 4528 πρῶτον
1010 4453 1133 4526 ἀπείλει,
1152 4452 1214 4513 ἀλλ’
