3280 5104
752 342 995 407 —138-

284 508 371 585 pauci
385 509 513 586 genetivi
523 508 613 568 ionici
623 509 751 586 synizesi
763 506 957 567 contrahendi
966 506 1175 586 relinquentur
1189 506 1354 570 Τυδελδεω
1367 507 1459 579 1316,

284 604 318 666 K
330 601 405 667 566.
423 608 461 666 Π
473 604 525 680 74,
535 596 632 666 Ἴδεω
647 606 670 666 Ι
681 601 758 682 558,
776 599 990 684 ἐριβρεμέτεω
1006 605 1042 666 Ν
1055 603 1132 683 624,
1146 605 1342 687 Πριαμίδεω
1363 609 1392 666 Y
1406 606 1460 686 ii,

283 697 394 765 ἱκέτεω
418 704 451 765 Ω
476 701 547 766 158.
573 700 652 782 187,
680 695 889 783 κυβερνήτεω
918 722 941 782 μ
970 700 1051 782 412,
1079 696 1235 783 συβεάτεω
1260 701 1277 779 ξ
1299 702 1364 766 459
1379 719 1459 766 =o

284 797 359 878 304,
377 788 491 862 Ἀίδεω
510 807 535 873 ιν
555 794 657 883 322¹)
679 799 775 870 ¹(luae
794 819 863 861 cum
882 802 921 860 ita
941 801 1011 881 sint,
1034 801 1172 880 equidem
1191 821 1251 863 non
1268 801 1458 884 ambigerem,
1514 877 1520 886 ι

284 900 356 978 quin
388 896 539 958 Nauclrius
572 898 728 958 sormidam
756 889 897 974 Κρόνου
928 890 1006 971 πάις
1037 889 1272 979 ἀγκυλομήτεω
1306 893 1350 982 (Β
1383 897 1457 962 205.

283 993 357 1058 319.
382 998 416 1057 Δ
440 991 490 1058 15.
514 995 537 1056 Ι
556 993 607 1056 37.
630 995 675 1056 Μ
691 991 766 1056 450.
795 995 833 1056 Π
851 992 925 1060 431.
948 996 983 1055 Σ
1003 993 1078 1058 293.
1107 1017 1132 1076 φ
1155 992 1235 1078 415)
1258 1015 1294 1058 ex
1319 990 1459 1080 Κρόνου

160 1097 164 1103 “
282 1101 359 1167 ταῖς
386 1083 609 1174 άγκυλόμητις
636 1100 806 1172 corruptam
834 1111 900 1154 esse
929 1102 1010 1154 recte
1038 1103 1197 1176 statueret,
1229 1097 1285 1157 nisi
1315 1096 1457 1157 maiorem

283 1193 433 1254 licentiam
456 1200 608 1252 extremus
631 1209 684 1269 pes
708 1209 812 1253 versus
840 1191 1019 1254 admitteret.
1065 1191 1107 1254 Ne
1135 1193 1206 1254 illud
1237 1192 1357 1272 quidem
1384 1212 1457 1255 casu

283 1291 442 1352 lortuitove
458 1289 568 1350 lactum
583 1308 649 1350 esse
668 1288 806 1372 arbitror,
827 1289 906 1369 quod
926 1299 1058 1350 veterum
1078 1290 1148 1352 belli
1163 1291 1283 1352 Troiani
1303 1294 1456 1352 nominum

279 1380 448 1469 Ἀτρείδαο
478 1380 678 1468 Πηληιάδεω
708 1381 938 1450 Μενοιτιάδαο
971 1389 1100 1466 genetivi
1133 1387 1238 1448 aeolici
1265 1388 1320 1449 soli
1347 1392 1457 1450 retine·

283 1487 400 1568 bantur,
427 1483 593 1548 Τυδείδεω
618 1489 697 1566 regis
716 1489 747 1546 iu
771 1487 943 1547 societatem
967 1488 1077 1546 veteris
1101 1485 1194 1548 lamae
1218 1504 1324 1548 reeens
1343 1489 1458 1566 recepti

230 1605 235 1616 ·
282 1603 390 1645 nomen
413 1587 540 1645 ionicam
564 1585 688 1646 sormam
711 1583 827 1646 laenius
850 1582 976 1644 admisit.

373 1682 414 1742 lle
439 1681 562 1762 reliquis
590 1681 669 1743 illins
697 1683 826 1762 genetivi
853 1682 956 1741 lormis
985 1675 1136 1759 Πετέωο,
1160 1677 1356 1762 Πηνελέωο,
1384 1690 1456 1745 σεῖο

282 1775 338 1842 σέο
362 1777 432 1858 σεῦ,
456 1776 544 1860 ἐμεῖο
565 1774 640 1865 ἐμέο
664 1775 753 1860 ἐμεῦ,
776 1783 848 1842 fsto
870 1773 929 1841 έέο
951 1775 1013 1840 feri
1036 1779 1109 1840 nibil
1135 1788 1181 1842 est
1209 1782 1287 1861 quod
1312 1801 1457 1863 moneam,

282 1879 340 1940 nisi
363 1877 441 1957 quod
466 1895 535 1956 pars
559 1875 705 1938 librorum
722 1871 753 1947 Ξ
768 1875 833 1938 489
853 1871 1039 1957 Πηνελέοιο
1063 1877 1194 1960 praebet,
1218 1881 1297 1941 unde
1317 1881 1457 1962 Cobetus,

281 1979 364 2038 misc.
396 1977 462 2037 crit.
490 1994 518 2054 p.
547 1972 612 2038 298
641 1974 779 2036 omnibus
806 1973 880 2036 locis
908 1967 1088 2060 Πηνελέωο
1116 1985 1146 2036 et
1173 1970 1308 2062 Πετέωο
1337 1980 1457 2039 restitui

280 2072 376 2156 iussit,
401 2083 431 2135 et
454 2080 605 2134 contracta
630 2073 723 2134 torma
747 2072 893 2134 secundae
918 2081 947 2134 et
971 2075 1076 2133 tertiae
1095 2093 1239 2153 personae
1262 2094 1383 2155 perraro
1407 2096 1456 2138 oe·

281 2175 377 2235 currit
408 2179 439 2233 et
471 2169 569 2231 tribus
597 2169 706 2250 quibus
734 2173 850 2232 occurit
876 2171 951 2232 locis
979 2165 1023 2252 (Ξ
1048 2169 1122 2232 427.
1155 2171 1185 2232 Τ
1208 2170 1281 2235 384.
1310 2174 1342 2234 Γ
1365 2171 1456 2266 206),

281 2289 350 2333 cum
373 2272 535 2349 insequens
559 2268 733 2330 vocabulum
757 2288 773 2330 a
798 2269 890 2330 vocali
913 2271 1049 2348 incipiat,
1073 2277 1224 2332 contracta
1248 2273 1341 2334 torma
1365 2272 1455 2334 elisae

280 2370 387 2430 cedere
410 2373 517 2447 potest,
541 2373 647 2446 quarto
670 2375 769 2428 nutem
789 2367 852 2428 loco
874 2367 902 2428 0
923 2363 986 2427 165
1005 2366 1094 2426 lectio
1115 2367 1298 2432 deteriorum
1316 2370 1454 2432 codicum

281 2463 316 2530 έο
339 2465 537 2547 praeferenda
556 2483 623 2526 esse
647 2467 770 2528 videtur.
1325 2481 1329 2486 ·

368 2566 389 2643 ξ
419 2562 470 2627 82.
516 2563 674 2626 Genetivns
707 2564 782 2643 plur.
811 2567 923 2643 primae
951 2564 1025 2624 decl.
1053 2566 1084 2625 in
1113 2585 1184 2626 αων
1212 2584 1281 2626 cum
1309 2569 1455 2644 genetiuis

281 2663 440 2742 singularis
467 2663 598 2742 numeri,
632 2681 707 2740 qeins
736 2662 823 2723 niodo
849 2662 1076 2742 illustravimus,
1105 2662 1264 2724 cohaerere
1294 2682 1380 2725 nemo
1408 2675 1456 2728 est

279 2763 352 2841 quin
377 2761 482 2821 videat.
524 2759 677 2837 Frequens
700 2767 799 2820 autern
819 2779 892 2821 usus
915 2761 1005 2820 hrrius
1029 2778 1147 2839 quoque
1172 2762 1282 2822 lormae
1306 2780 1342 2822 ex
1366 2766 1456 2824 metri

279 2860 424 2938 angustiis
452 2857 634 2935 repetendus
663 2865 722 2938 est,
757 2856 996 2937 qiraudoquidem
1024 2859 1137 2918 ionicae
1164 2859 1275 2919 formas
1302 2850 1455 2942 ἀγορέων

278 2949 434 3018 ἀντολέων
448 2949 587 3035 ἐρετέων
606 2943 756 3016 ὀδυνέων
775 2951 990 3037 θηλυτερέων
1006 2949 1231 3018 τεκτοσννέων
1247 2952 1454 3039 έρχομενέων

278 3046 493 3134 άειμενετέων
517 3043 717 3131 άλφηστέων
735 3043 922 3114 άσιτιστέων
941 3047 1126 3132 μελαινέων
1150 3049 1336 3135 αἰχμητέων
1360 3055 1453 3116 Μου-

279 3146 367 3214 σέων
383 3142 556 3231 Νυμφέων
575 3144 725 3212 ναυτέων
744 3141 854 3228 άρέων
876 3141 1011 3212 πασέων
1033 3144 1188 3213 πολλέων
1211 3153 1269 3213 nisi
1292 3155 1454 3214 contractis

279 3251 420 3311 extremis
447 3247 562 3310 duabus
590 3246 709 3328 syllabis
735 3258 865 3310 metrum
893 3248 1070 3328 dactylicum
1104 3249 1326 3328 aspernabatur.
1372 3250 1454 3311 ddeo

279 3357 376 3409 autem
401 3346 506 3426 plenus
530 3345 619 3408 buius
638 3335 767 3425 genetivi
790 3366 882 3408 sonus
905 3350 1082 3426 praesertim
1101 3349 1131 3408 in
1150 3347 1280 3409 clausula
1301 3366 1404 3409 versus
1422 3357 1454 3410 et

279 3445 472 3506 sollemnibus
490 3444 624 3506 lormulis
638 3445 758 3526 placuit,
777 3452 810 3505 ut
825 3444 972 3510 llomerus
986 3448 1074 3506 etiam
1089 3454 1207 3526 praeter
1222 3449 1310 3507 metri
1324 3449 1452 3508 necessi-

280 3553 369 3606 tatem
398 3541 454 3604 δῖα
482 3535 612 3620 θεάων,
639 3536 705 3625 πρὸ
733 3537 886 3623 πυλάων,
915 3541 1053 3625 δοτῆρες
1081 3536 1169 3606 έάων
1197 3544 1297 3606 dicere
1321 3545 1452 3608 auderet

278 3643 359 3704 ldern
383 3651 480 3703 tamen
504 3650 622 3720 praeter
641 3660 751 3720 paucos
779 3643 930 3722 genetivus
958 3644 1086 3722 ionicos,
1114 3645 1253 3722 quisine
1277 3644 1452 3707 dillicultate

279 3749 373 3802 metro
388 3739 501 3802 includi
520 3747 664 3820 poterant,
679 3739 760 3801 velut
773 3737 905 3802 πυλέων
920 3739 958 3800 H
971 3738 987 3800 1
1004 3747 1034 3798 et
1049 3740 1092 3800 M
1101 3738 1175 3821 340,
1190 3736 1326 3822 θυρέων
1344 3763 1370 3823 φ
1387 3741 1449 3806 llll

278 3840 403 3900 aliorum
423 3856 541 3918 qnoque
560 3839 723 3918 nominum,
742 3841 869 3900 maxime
888 3856 1001 3918 eorum,
1020 3857 1096 3918 quae
1112 3841 1143 3900 in
1157 3858 1209 3900 ore
1224 3840 1304 3919 vulgi
1318 3841 1451 3904 tereban-

279 3947 336 4018 tur,
359 3937 504 4016 genetivis
531 3937 636 3996 ionicis
661 3938 705 3996 uti
729 3937 839 4016 maluit,
862 3938 1004 4016 quamvis,
1027 3937 1086 3996 nisi
1108 3936 1223 3997 vocales
1247 3956 1313 3998 εων
1335 3947 1449 4000 corrua-

278 4035 423 4096 berentur
449 4041 501 4096 aut
528 4035 655 4114 synicesi
683 4033 896 4116 coalescerent,
924 4035 1057 4094 numeris
1081 4033 1214 4111 adaptari
1238 4053 1303 4096 nou·
1320 4045 1450 4115 possent.

278 4133 390 4194 llornrn
418 4152 454 4194 ex
486 4151 611 4194 numero
644 4140 714 4193 sunt
745 4127 896 4212 βουλέων
928 4135 961 4194 A
994 4129 1068 4194 273.
1101 4132 1145 4196 Μ
1172 4129 1251 4214 236,
1283 4129 1452 4215 ἐφετμέων

369 4284 394 4343 1)
413 4279 463 4332 llis
483 4277 604 4334 addendi
622 4280 696 4346 sunt,
715 4281 747 4334 nt
764 4295 860 4334 omnes
879 4276 962 4332 huius
981 4279 1091 4348 generis
1106 4277 1253 4348 genetiroe
1267 4279 1450 4350 complectet,

279 4358 354 4425 apud
371 4357 524 4412 Hesiodum
543 4352 636 4412 ’κωιω
661 4358 702 4413 th.
727 4363 799 4420 on.
814 4365 872 4413 ree.
893 4363 958 4426 aaa,
982 4353 1088 4428 Αἰήτεω
1108 4359 1148 4412 th.
1168 4364 1228 4426 εει,
1248 4353 1389 4429 ἀργέστεω
1408 4359 1451 4416 th.

279 4441 340 4504 8⁷0,
360 4432 512 4509 ἐριβρύχεω
531 4437 572 4490 th.
592 4440 816 4507 coutinentem
835 4438 876 4496 th.
895 4443 955 4506 572,
975 4432 1102 4510 ἀβούτεω
1122 4453 1166 4508 op.
1186 4443 1246 4495 lbi.
