3276 5090
1311 32 1323 129 l

1302 205 1319 329 t

259 489 369 550 fossam
388 494 553 552 castrorum
568 485 672 547 Achivi
691 489 721 546 in
740 484 885 564 proelium
905 493 1083 564 proruentes
1102 503 1195 564 aeque
1210 491 1296 562 atque
1312 482 1435 545 Troiani

260 590 292 648 in
325 593 422 646 castra
454 587 654 663 irrumpentes
688 586 815 644 transire
849 591 1049 644 narrarentur.
1100 581 1243 643 Similiter
1275 581 1434 642 consilium

261 685 429 763 principum
458 679 651 758 853-86,
678 680 785 760 legatio
808 681 906 742 Aiacis
929 691 959 742 et
982 681 1094 762 Ulyssis
1118 682 1153 742 ad
1178 679 1320 742 Achillem
1344 681 1435 740 missa

262 783 284 844 1
315 779 491 860 89-713,
528 779 657 841 Patrocli
689 798 757 841 cum
790 779 913 840 Nestore
946 779 1145 855 confabulatio
1177 780 1208 839 Λ
1240 775 1435 858 596-848,

262 880 416 942 lubricatio
435 895 584 940 armornm
604 877 726 938 Achillis
746 878 780 938 Σ
796 875 980 958 368-616,
1000 878 1090 938 lunus
1106 877 1235 938 Patrocli
1254 873 1433 939 Ψ1-897

263 977 413 1058 aliquanto
441 985 508 1056 post
536 978 597 1036 sire
625 975 662 1036 ab
690 976 793 1036 eodem
822 978 883 1035 sive
907 974 943 1035 ab
966 975 1022 1036 alio
1046 982 1132 1054 poeta
1156 975 1270 1035 adiecta
1293 977 1324 1036 in
1346 993 1435 1036 causa

263 1083 357 1154 erant,
380 1093 435 1134 cur
458 1074 486 1134 Β
512 1071 583 1135 143.
610 1069 687 1151 194,
711 1074 741 1132 Λ
765 1069 955 1152 502-520,
978 1069 1008 1143 Ξ
1031 1070 1174 1152 1-152,
1198 1069 1228 1142 Ξ
1249 1069 1435 1151 379-382,

265 1174 294 1233 O
317 1169 506 1251 390-405,
531 1171 567 1231 N
588 1167 778 1249 521-561,
803 1169 840 1230 Ν
862 1167 1050 1250 741-747,
1074 1172 1110 1232 Π
1131 1167 1276 1248 56-63,
1300 1171 1343 1230 Μ
1362 1165 1438 1249 336,

268 1271 297 1331 T
321 1265 511 1347 382-383,
542 1269 574 1328 Φ
600 1265 679 1346 594,
711 1267 739 1327 Χ
765 1263 942 1328 381-390
970 1268 1167 1329 edicerentur.
1219 1267 1309 1328 Multo
1338 1275 1438 1328 autem

264 1367 379 1429 lucilius
407 1385 499 1430 novos
527 1382 631 1426 versus
659 1363 775 1425 additos
805 1375 892 1444 quam
922 1375 1038 1426 ueteres
1066 1369 1177 1427 eiectos
1206 1381 1271 1426 esse
1301 1367 1439 1442 inprimis

265 1484 300 1526 ex
325 1483 360 1524 eo
384 1462 558 1542 concludas,
585 1463 663 1542 quod
687 1480 791 1522 versus
815 1465 848 1523 ll
873 1461 1056 1544 793-804,
1080 1465 1132 1542 qui
1155 1463 1279 1524 adiectis
1303 1459 1439 1523 versibus

268 1564 298 1623 P
322 1557 661 1624 85-2050111010061
688 1569 773 1620 erant
802 1578 857 1621 neo
886 1579 945 1622 non
972 1579 1074 1623 versus
1101 1562 1132 1621 Φ
1155 1558 1234 1639 227,
1263 1562 1314 1638 qui
1338 1567 1438 1620 vetere

739 321 953 386 ...24-

265 1659 362 1721 labula
392 1676 508 1743 pugnae
536 1657 662 1718 fluvialis
690 1656 865 1736 amplilleata
894 1662 974 1719 omni
998 1661 1025 1718 ri
1049 1658 1181 1736 carebat,
1210 1659 1312 1717 intacti
1341 1657 1440 1718 relicti

266 1767 349 1838 sunt3
376 1765 456 1818 tanta
484 1755 541 1817 init
569 1757 735 1816 reverentia
764 1763 897 1815 veterum
929 1767 959 1816 et
989 1759 1087 1835 prisca
1117 1757 1191 1816 lama
1221 1754 1439 1816 celebratorum

265 1873 415 1916 versuum.
453 1852 515 1914 lloc
539 1862 637 1914 autem
657 1871 724 1914 oum
744 1853 869 1914 aliorum
894 1862 957 1914 turn
977 1853 1196 1924 Friedlaenderi
1216 1871 1304 1914 causa
1324 1871 1439 1932 moneo,

267 1957 318 2032 qui
337 1952 450 2014 lacunis
470 1969 589 2030 quoque
604 1949 725 2012 Homeri
740 1954 870 2012 carmina
888 1950 984 2012 labem
1004 1954 1130 2012 traxisse
1149 1951 1310 2012 identidem
1325 1955 1438 2012 statuit.

355 2050 375 2127 ἐ
401 2047 449 2112 18.
497 2049 578 2121 Quae
607 2047 666 2108 huc
694 2066 788 2128 nsque
817 2067 834 2109 a
859 2048 943 2110 nobis
972 2052 1153 2111 examinatae
1182 2057 1252 2110 sunt
1280 2049 1438 2127 interpola-

267 2151 363 2209 tiones
391 2165 494 2206 omnes
523 2155 582 2206 taur
611 2149 726 2206 ieiunae
755 2156 785 2207 et
812 2145 904 2208 eriles
933 2155 1015 2226 sunt,
1044 2154 1077 2207 ut
1104 2153 1166 2206 toto
1196 2145 1278 2206 caelo
1301 2165 1316 2205 a
1340 2146 1440 2206 divina

266 2251 331 2306 arte
351 2243 471 2304 Homeri
494 2245 618 2322 eiusque
638 2243 756 2304 dicendi
776 2251 832 2304 usu
851 2244 1011 2304 distentet
1030 2244 1084 2304 hac
1103 2245 1166 2322 ipsa
1186 2261 1218 2304 re
1238 2246 1440 2323 suspicionem

267 2343 444 2403 recentioris
467 2342 591 2418 originis
614 2345 770 2420 moverint,
794 2341 872 2420 quod
898 2350 930 2401 ut
954 2361 990 2402 ne
1014 2341 1131 2419 longius
1151 2358 1321 2420 persequar,
1345 2361 1440 2420 pauca

268 2437 411 2518 quaedam
449 2445 479 2498 et
514 2439 677 2516 insigniora
714 2455 944 2498 commemorare
979 2441 1074 2500 risum
1111 2448 1172 2518 est,
1209 2438 1348 2517 digammi
1382 2441 1441 2498 rim

267 2536 431 2616 neglectam
456 2533 487 2596 Γ
506 2531 585 2613 224,
613 2535 640 2594 Ζ
665 2533 742 2613 151,
771 2532 901 2617 8535,
927 2536 955 2595 0
978 2531 1056 2614 397,
1084 2533 1211 2610 T124;
1237 2538 1265 2596 Y
1285 2532 1341 2616 67,
1365 2533 1443 2615 224,

268 2635 500 2698 contractionem
530 2619 673 2692 vocalium
702 2632 859 2693 admissam
889 2633 1047 2696 verborum
1076 2642 1186 2695 κτενεῖ
1212 2635 1241 2694 0
1269 2631 1312 2695 65
1335 2643 1365 2694 et
1389 2631 1443 2711 68,

268 2727 359 2810 βαλῶ
389 2729 419 2788 Ρ
437 2727 516 2807 451,
545 2725 685 2808 ἐκφανεῖ
713 2729 743 2788 Τ
765 2727 840 2808 104,
868 2724 973 2812 λούσῃ
1001 2728 1086 2812 ni,
1115 2729 1231 2812 παρῆτε
1262 2732 1290 2791 0
1315 2728 1369 2810 75,
1397 2734 1442 2792 in·

270 2826 389 2888 solitum
413 2842 507 2904 genus
531 2843 589 2885 non
608 2827 735 2886 uitatum
752 2817 858 2888 Ἴλιον
882 2821 963 2890 αἰπύ
986 2830 1014 2889 O
1035 2827 1090 2908 71,
1105 2821 1191 2909 Ἥρη
1215 2827 1323 2908 θῆλυς
1345 2830 1375 2889 Τ
1389 2827 1443 2910 97,

270 2917 304 2986 ἰὰ
328 2915 506 3002 πτερόεντα
533 2919 636 3001 268,
660 2923 755 2984 dualis
779 2923 903 2985 sormam
927 2927 1074 2988 secundae
1098 2945 1240 3005 personae
1265 2928 1300 2987 ad
1325 2931 1443 2988 tertiam

224 3021 227 3027 ’
270 3021 440 3084 translatam
470 3012 641 3099 ἐτεύχετον
664 3020 702 3081 Ν
722 3017 801 3102 346,
829 3040 994 3100 pronomen
1022 3015 1197 3104 11606010
1222 3033 1333 3085 remota
1358 3043 1443 3086 usur·

271 3128 372 3200 patum
400 3117 429 3178 Θ
456 3114 534 3196 541,
568 3119 699 3178 invectas
728 3119 860 3179 soloecas
892 3119 1002 3182 formas
1030 3121 1093 3183 νῶι
1121 3123 1158 3183 Π
1182 3119 1239 3202 99,
1271 3117 1324 3184 e‘ot
1351 3115 1441 3206 ἀὐτῷ
1515 3196 1518 3202 ¹

271 3217 307 3279 N
320 3212 386 3278 495
405 3223 435 3276 et
459 3231 547 3275 voces
566 3215 602 3275 ab
624 3233 681 3276 usu
700 3214 857 3278 Homerico
877 3217 986 3279 alienas
1010 3211 1161 3299 ἡμιθέων
1180 3220 1223 3280 Μ
1237 3217 1289 3298 33,
1313 3214 1446 3300 16γοιο0

248 3344 250 3350 ·
274 3313 302 3376 O
326 3307 433 3394 393¹).
479 3311 543 3373 lluc
567 3313 695 3392 accedit,
719 3315 797 3392 quod
822 3333 890 3375 curn
914 3315 981 3377 llias
1005 3325 1073 3378 ante
1097 3315 1258 3396 Odysseam
1282 3321 1446 3396 composita

272 3419 303 3472 et
331 3411 365 3471 ad
395 3410 608 3488 perlectionem
637 3415 834 3473 consummati
863 3415 962 3491 operis
990 3413 1115 3475 adducta
1146 3432 1211 3474 esse
1241 3414 1388 3494 videatur,
1415 3417 1446 3476 in

272 3510 329 3571 hoe
356 3525 467 3586 genere
495 3506 756 3586 interpolationum
787 3509 921 3570 nonnulli
945 3530 1048 3572 versus
1072 3512 1107 3572 ad
1132 3513 1282 3590 exemplar
1306 3529 1446 3573 versuum

274 3605 422 3687 Odysseae
450 3605 541 3666 ellicti
570 3614 653 3679 sunt,
681 3605 762 3666 velut
789 3624 894 3668 versus
923 3609 953 3668 Ε
982 3606 1055 3669 403.
1078 3609 1101 3669 Ι
1122 3605 1195 3670 561.
1220 3610 1250 3668 Α
1274 3605 1348 3670 697.
1374 3607 1446 3670 705.

274 3700 347 3765 706.
376 3703 410 3762 Σ
431 3698 506 3764 363.
533 3701 567 3763 Ω
590 3699 618 3764 8.
648 3699 722 3764 369.
746 3701 810 3765 558
839 3704 874 3765 ad
903 3705 1052 3784 exemplar
1080 3723 1220 3766 versuum
1247 3727 1273 3784 φ
1297 3704 1348 3768 28.
1373 3719 1394 3766 o
1417 3705 1446 3768 5.

275 3821 301 3883 φ
327 3798 375 3863 19.
401 3821 412 3862 t
435 3797 487 3862 42.
511 3821 533 3861 v
556 3797 608 3861 46.
631 3803 658 3861 ii
682 3797 754 3862 183.
778 3818 801 3861 π
826 3799 876 3863 72.
900 3821 923 3862 rr
946 3799 1011 3865 388
1035 3805 1113 3864 lacti.

363 3899 383 3978 8
409 3895 458 3961 19.
504 3897 634 3961 Prorsus
661 3900 795 3962 diversae
822 3898 931 3961 indolis
955 3909 1025 3961 sunt
1048 3899 1120 3962 aliae
1144 3901 1388 3980 interpolationes
1411 3921 1448 3962 eo

276 4006 408 4076 tempere
428 4004 526 4076 natae,
546 4015 605 4076 quo
623 3995 839 4076 rhapsodorum
859 4015 981 4057 munere
1001 4005 1081 4058 vates
1101 3999 1158 4075 ipsi
1177 3989 1323 4082 (ἀοιδοί)
1342 3999 1447 4078 lunge·

276 4111 487 4120 ——-----—-—-

366 4153 391 4218 1)
414 4151 524 4206 Nomen
546 4147 628 4221 λόγος
650 4151 849 4224 praeterquam
872 4151 902 4206 in
926 4151 978 4206 hoc
1001 4150 1063 4206 loco
1086 4151 1228 4206 invenitur
1251 4151 1280 4206 in
1305 4141 1450 4220 Odysseae

275 4231 386 4284 recente
409 4229 482 4285 libro
502 4251 521 4284 α
540 4237 587 4298 56,
607 4231 682 4286 idem
700 4231 824 4301 saepius,
850 4231 923 4300 quod
943 4230 1043 4286 uolatu
1065 4229 1181 4300 dignum
1201 4234 1256 4298 est,
1280 4230 1400 4287 recurrit
1418 4233 1448 4288 in

276 4307 341 4363 Hes.
362 4325 406 4378 op.
426 4315 467 4365 re.
489 4315 547 4366 tos.
568 4317 633 4381 789,
652 4312 746 4382 theog.
767 4315 826 4367 119.
846 4315 906 4366 890.
945 4308 1080 4366 Similiter
1099 4328 1199 4366 nomen
1220 4307 1352 4382 ἡμίθεος,
1372 4313 1448 4382 quod

276 4405 332 4443 uno
352 4387 402 4443 illo
420 4389 590 4461 interpolato
608 4391 671 4446 loco
690 4389 805 4448 Homeri
820 4396 855 4454 M
865 4397 898 4446 21
919 4391 1036 4461 legitur,
1054 4392 1129 4446 redii
1146 4393 1175 4446 in
1194 4392 1310 4448 Hesiodi
1324 4409 1368 4464 op.
1387 4399 1446 4450 160.
