3280 5104
766 357 983 421 ...94-

288 520 444 600 scriptoria
485 521 601 578 inventa
640 527 669 578 et
701 519 848 598 divulgata
883 521 1086 581 redundasset.
1137 517 1200 590 Qua
1234 519 1270 580 de
1303 539 1390 582 causa
1424 531 1457 582 ut

287 622 415 680 testibus
439 617 496 676 iliis
516 615 704 676 Pisistratum
727 619 856 696 primum
876 621 972 678 omnia
991 620 1122 678 carmina
1142 618 1241 679 iliadis
1260 626 1290 677 et
1308 618 1457 698 Odysseae

288 717 409 778 collecta
429 725 458 775 et
476 716 555 774 iusto
574 714 677 774 ordine
697 715 839 794 disposita
859 715 966 775 litteris
986 715 1141 776 mandasse
1161 716 1377 798 credimusne
1401 719 1460 778 iam

288 823 355 875 ante
369 813 556 874 Pisistratum
576 812 760 891 singulorum
775 816 939 874 carminum
954 813 1099 874 volumina
1115 820 1146 873 et
1158 812 1273 874 indices
1288 813 1457 892 rhapsodia-

287 931 353 972 rum
373 909 467 972 titulis
485 918 516 970 et
530 909 665 971 versibus
680 909 842 971 initialibus
856 928 958 970 earum
973 911 1123 971 coniectos
1138 913 1288 971 exstitisse
1303 914 1457 972 sumimus.

374 1005 470 1086 §td
516 1007 648 1086 Denique
673 1009 698 1068 si
722 1026 756 1068 ex
786 1025 832 1067 me
856 1025 989 1086 qtraeras,
1013 1015 1115 1068 utrum
1139 1026 1231 1068 arnum
1256 1017 1372 1088 poetam
1397 1009 1455 1068 iio-

288 1125 401 1169 mornm
430 1105 549 1165 iliadem
577 1105 759 1184 condidisse,
791 1123 827 1164 an
856 1105 956 1184 piures
985 1103 1159 1166 iinmeridas
1187 1109 1295 1168 summi
1323 1109 1456 1167 omnium

288 1205 430 1284 temporis
462 1204 606 1282 poematis
634 1202 804 1262 conditores
833 1201 924 1262 luisse
952 1203 1084 1282 credam,
1117 1206 1245 1282 primum
1273 1206 1370 1280 magni
1399 1204 1456 1264 boc

287 1306 356 1365 sciri
382 1302 494 1361 reterre
514 1299 636 1379 negabo,
660 1299 737 1378 dein,
761 1301 787 1359 si
806 1301 907 1379 instes,
927 1301 967 1359 ita
987 1300 1184 1381 respondebo,
1203 1311 1235 1360 ut
1254 1319 1312 1361 non
1332 1303 1456 1380 pignore

287 1403 354 1462 dato
374 1397 559 1478 contendam,
577 1397 628 1458 sed
649 1389 800 1476 probabile
820 1397 891 1458 mibi
910 1397 1003 1457 videri
1022 1397 1127 1477 dicam,
1149 1417 1224 1478 qrrae
1244 1398 1408 1459 minoribns
1427 1409 1458 1459 et
1503 1427 1507 1433 ·

286 1499 434 1560 inclinatis
454 1495 562 1557 littoris
581 1495 751 1556 excudenda
767 1497 931 1557 curaverim
947 1513 962 1554 a
978 1496 1195 1557 recentioribus
1211 1499 1306 1575 poetis
1321 1496 1459 1576 rbaspso·

287 1597 392 1676 disque
412 1613 469 1654 non
485 1611 554 1674 uno,
574 1593 625 1653 sed
641 1592 777 1672 pluribus
792 1592 887 1652 addita
904 1609 969 1651 esse
976 1586 1012 1674 ¹),
1026 1595 1136 1654 veteris
1150 1601 1249 1653 antem
1264 1601 1293 1652 et
1308 1595 1457 1672 perlectae

288 1694 385 1755 iliadis
418 1710 475 1752 non
509 1708 614 1770 unum,
647 1707 749 1750 verum
783 1707 819 1748 ne
848 1688 957 1749 multos
986 1689 1119 1772 quidem,
1152 1691 1202 1750 sed
1231 1689 1307 1751 duos
1334 1700 1398 1772 aut,
1431 1693 1458 1751 si

287 1791 457 1872 plurimum,
480 1794 620 1867 quattuor
643 1796 780 1847 auctores
799 1786 891 1846 luisse
909 1788 957 1846 rix
977 1786 1044 1865 pius
1063 1796 1183 1848 centum
1202 1806 1348 1848 annorum
1366 1791 1458 1849 inter·

287 1889 361 1950 vallo
376 1890 455 1948 iuter
469 1903 500 1945 se
515 1885 669 1946 discretos.
697 1885 793 1964 Atque
808 1884 883 1944 duos
893 1893 995 1963 poetas
1005 1903 1060 1945 cur
1070 1885 1243 1946 statrwndos
1253 1905 1318 1946 esse
1329 1886 1458 1966 credam,

287 1990 358 2048 satis
381 2005 416 2045 ex
440 1986 477 2044 iis
497 1982 662 2044 rationibus
681 1991 811 2063 apparet,
830 1981 939 2060 quibus
958 1989 991 2042 ut
1011 1990 1140 2043 veterem
1160 1981 1280 2042 iliadem
1299 1981 1336 2042 alt
1355 1983 1457 2062 ampli-

287 2087 370 2144 ticata
385 2099 553 2162 separarem
570 2099 615 2140 me
630 2080 789 2141 adductum
805 2097 871 2140 esse
886 2081 1018 2158 exposui.
1051 2079 1093 2140 Eo
1109 2082 1207 2140 minus
1222 2089 1319 2142 autem
1336 2083 1459 2142 unitatis

287 2191 382 2242 castra
406 2182 545 2241 deserere
569 2178 714 2258 dubitavi,
742 2177 820 2256 quod
845 2179 932 2237 etiam
957 2177 1118 2259 Odysseae,
1142 2180 1276 2257 quanvis
1299 2181 1459 2258 perspicuo

287 2279 410 2340 consilio
429 2277 586 2338 adornatae
606 2285 694 2355 atque
714 2274 883 2355 dispositae,
906 2273 1122 2335 Telemacbiam
1142 2277 1203 2336 sive
1222 2275 1314 2336 libros
1333 2275 1458 2356 αβγδο

286 2396 302 2437 a
331 2377 496 2436 recentiore
526 2381 611 2452 poeta
639 2373 732 2432 veteri
762 2373 905 2451 poematis
929 2375 1048 2452 corpori
1070 2373 1202 2434 adiectos
1225 2391 1459 2452 esseperquam

286 2476 349 2534 veri
377 2471 472 2534 simile
500 2480 553 2532 est.
607 2470 725 2531 brrosne
756 2487 824 2530 vero
853 2471 946 2530 satius
975 2473 1013 2530 sit
1041 2479 1172 2532 statuere
1200 2489 1236 2531 an
1265 2479 1328 2530 tres
1354 2479 1458 2550 poetas

287 2572 388 2650 itrisse,
411 2571 467 2631 boc
491 2589 526 2628 ex
546 2567 662 2629 duabus
681 2569 806 2628 maxime
826 2570 924 2628 causis
942 2569 1061 2650 pendet,
1083 2570 1213 2647 primum
1233 2577 1333 2629 utrum
1354 2586 1458 2629 versus

285 2669 329 2728 M
344 2666 406 2729 107
427 2675 457 2727 et
476 2667 496 2726 Ι
514 2662 579 2726 235
598 2665 635 2725 ab
654 2665 757 2725 eodem
776 2673 862 2743 poeta
882 2667 1020 2746 componi
1039 2668 1172 2744 potuisse
1191 2666 1295 2726 credas
1315 2661 1458 2748 necne²);

286 2784 353 2825 narn
387 2765 442 2824 hoc
476 2765 501 2824 si
532 2761 665 2843 negabis,
698 2773 849 2823 artotorem
877 2762 946 2824 iibri
974 2765 1018 2827 M
1040 2765 1084 2824 vei
1112 2764 1256 2826 librorum
1280 2764 1394 2826 M-O
1421 2764 1459 2824 ab

286 2871 406 2924 attolere
430 2860 498 2922 iibri
517 2861 539 2921 Ι
560 2858 605 2919 vei
630 2860 774 2920 librorum
793 2860 895 2921 Η-Ι
915 2862 1112 2940 separandum
1136 2879 1201 2922 esse
1225 2861 1316 2922 ducas
1335 2879 1459 2922 necesse

285 2963 350 3021 erit.
398 2958 494 3019 Altera
528 2977 615 3018 causa
649 2976 684 3017 eo
717 2966 844 3038 spectat,
876 2967 976 3020 utrum
1013 2969 1117 3020 auctor
1149 2977 1252 3021 eorum
1284 2961 1460 3039 carminum,

286 3061 315 3119 in
349 3057 459 3138 quibus
487 3055 667 3134 Sarpedonis
696 3055 856 3135 Giaueiqne
891 3074 939 3115 res
974 3055 1162 3117 illustrantur
1189 3062 1220 3115 et
1247 3066 1343 3117 castra
1372 3056 1459 3117 Achi-

286 3173 389 3215 vorum
414 3171 498 3214 muro
522 3155 619 3213 cincta
643 3153 805 3231 finguntur,
829 3153 997 3213 necessario
1021 3151 1057 3212 ab
1081 3161 1202 3214 auctore
1226 3155 1337 3214 veteris
1359 3153 1460 3214 iliadis

286 3252 467 3332 separandus
487 3252 534 3330 sit,
558 3267 594 3310 an
618 3249 744 3311 eundem
773 3260 889 3328 poetam
913 3259 1014 3328 postea
1034 3250 1109 3309 fines
1128 3252 1174 3310 sui
1194 3253 1336 3328 poematis
1360 3253 1458 3330 ipsum

292 3359 321 3364 ...-
339 3357 501 3364 --——---·-

377 3396 403 3462 1)
423 3394 559 3449 Similiter
578 3394 719 3464 Odysseae
744 3393 884 3464 perfectae
907 3397 1018 3463 praeter
1037 3394 1245 3449 Telemachiam
1269 3399 1299 3450 et
1323 3395 1458 3463 Neeyiam

287 3480 317 3531 et
335 3474 465 3528 ultimum
485 3474 587 3528 librum
606 3491 701 3528 versus
719 3495 737 3543 η
755 3479 902 3529 103-131.
923 3478 1072 3540 luo-228,
1091 3495 1108 3543 η
1123 3481 1275 3543 asa—334,
1288 3479 1312 3528 c
1326 3479 1460 3544 tat-520,

284 3560 298 3610 t
319 3559 476 3622 nee-eea,
499 3575 520 3607 n
538 3559 693 3620 εει-πε,
720 3575 734 3607 ι
755 3559 853 3618 1-an,
877 3574 893 3607 τ
910 3558 1067 3618 are-ase,
1090 3573 1107 3606 e
1129 3560 1283 3622 rer-rra,
1302 3573 1324 3623 φ
1343 3560 1459 3622 ut-aa

287 3639 477 3704 zeon-tto,
501 3646 524 3700 ψ
549 3639 703 3700 tlt-tto,
727 3654 742 3687 o
766 3639 916 3688 aet-teo.
940 3638 1095 3700 tos-549,
1119 3639 1419 3702 pot—ee.6t-1oo.
1440 3655 1458 3687 u

285 3719 426 3768 aec-383
451 3730 468 3766 a
493 3711 697 3768 recentioribus
716 3713 874 3768 Homeridis
897 3716 927 3768 et
949 3713 1098 3780 respectis
1116 3713 1221 3768 adiecti
1238 3729 1299 3768 esse
1318 3713 1458 3768 videntur.

285 3794 382 3848 Plures
411 3796 504 3846 autem
533 3791 749 3862 interpolatores
777 3791 824 3847 vel
848 3793 1050 3860 diasceuastae,
1078 3811 1133 3848 non
1162 3811 1247 3847 unum
1278 3793 1364 3848 baisse
1398 3793 1461 3863 ipsa

286 3891 376 3927 rorum
404 3875 517 3939 natura,
548 3888 620 3941 quae
648 3871 797 3941 plurimum
826 3871 903 3926 valet
925 3872 1093 3944 praesertim
1116 3872 1144 3926 in
1170 3873 1213 3927 his
1237 3873 1459 3941 quaestiouibus,

286 3952 430 4022 probabile
449 3949 550 4006 reddit
579 3951 677 4021 Neque
696 3953 769 4006 enim
790 3951 882 4005 subito
902 3951 960 4006 sive
979 3951 1100 4008 facultas
1121 3954 1208 4008 bonos
1227 3969 1322 4007 versus
1335 3951 1459 4008 faciendi

287 4031 347 4088 sive
370 4032 484 4103 prurigo
508 4047 572 4086 snos
594 4047 689 4086 versus
716 4030 857 4086 veteribus
875 4031 1026 4088 invehendi
1045 4033 1168 4100 evanuit,
1187 4050 1277 4100 neque
1296 4049 1347 4102 per
1365 4051 1459 4100 unam,

286 4111 335 4168 sed
354 4111 437 4166 facile
456 4129 506 4182 per
526 4113 632 4180 septem
651 4110 793 4166 hominum
814 4111 922 4166 aetates
941 4113 1037 4166 vetera
1055 4112 1179 4168 mrmiuu
1193 4112 1259 4166 viva
1271 4129 1340 4167 voce
1355 4115 1458 4169 Home-

285 4191 407 4245 riderem
427 4193 585 4260 propagata
601 4189 865 4258 interpolationibus
879 4190 969 4244 omnis
983 4191 1092 4260 generis
1107 4193 1251 4260 patebunt.
1280 4191 1334 4246 Sed
1349 4193 1460 4247 aceedit

286 4286 396 4340 quoqne
415 4269 548 4339 arralogia
565 4267 735 4339 theogoniae
755 4269 920 4336 Hesiodeae,
942 4271 1020 4326 ouius
1039 4269 1206 4340 principium
1226 4271 1458 4342 interpolationes

285 4352 342 4402 tres
361 4350 408 4404 vel
425 4350 559 4419 quattuor
577 4365 739 4418 perpessum
758 4365 818 4402 esse
837 4349 945 4418 liquido
964 4350 1098 4404 constet.¹
1365 4371 1367 4376 ’

375 4435 402 4496 a)
421 4428 492 4482 Vide
511 4426 546 4480 de
566 4429 618 4482 bae
636 4446 665 4483 re
683 4445 756 4496 quae
775 4445 859 4498 nupta
876 4445 903 4498 p.
922 4435 955 4483 at
976 4428 1161 4497 exposuimus.
