3280 5104
660 354 903 419 -165—

192 520 224 580 E
245 515 319 580 521.
340 517 416 598 740,
440 521 474 582 iu
497 520 520 581 Ι
537 517 610 581 319.
637 518 668 579 Φ
686 515 763 597 569,
777 509 864 598 Ἥρη
880 520 911 578 A
928 515 1003 580 551.
1027 515 1104 580 568.
1127 522 1160 580 Δ
1179 515 1229 582 50.
1249 521 1278 581 Θ
1296 518 1366 583 198,

192 616 267 680 218.
293 615 396 679 083.
420 620 456 678 Π
476 615 550 680 439.
575 617 609 677 Σ
629 615 704 678 361.

281 716 414 796 Denique
437 733 562 794 prorsus
586 734 673 777 suum
697 715 842 795 digamma
865 714 987 776 Homeri
1015 721 1111 774 aetate
1139 717 1196 775 iam
1220 715 1365 778 abiecisse

192 814 332 875 videntur
351 803 468 894 Ἑλένη
487 803 611 892 Ἑκάβη
629 797 722 886 Ἦλις
745 809 819 886 ἕλος
841 806 925 892 ἐρέω
949 796 1029 891 ἧλος
1049 809 1135 886 ἴδιος
1155 810 1230 873 toto
1254 805 1365 894 ἱδρώς.

189 913 299 974 Nescio
313 920 413 972 umen
428 929 465 971 an
479 913 587 971 merito
596 912 776 972 coniecturis
791 911 881 974 verbo
896 904 979 992 ἐρέω
994 910 1139 989 digamma
1153 911 1214 972 Leo
1228 911 1366 992 Meyerus

189 1009 224 1071 ll.
250 1009 280 1071 Z.
304 1008 400 1070 Xlllll
423 1005 465 1070 52
489 1010 648 1070 restituere
672 1010 802 1070 tentarit.

188 1177 239 1230 De
261 1175 433 1244 digsmmo
460 1173 580 1231 initiali
602 1188 683 1232 oum
714 1173 780 1230 elis
806 1169 921 1230 littere
949 1175 1147 1230 consonanti
1173 1173 1365 1231 coniuncte.

279 1293 298 1370 ξ
323 1291 375 1355 99.
413 1294 509 1374 Supra
537 1297 594 1356 iam
628 1295 845 1373 disputavimus
877 1293 913 1354 de
946 1293 1083 1354 sibilante
1115 1292 1262 1372 digamma
1294 1293 1365 1354 olim

190 1395 356 1471 praemissa
380 1395 409 1454 in
434 1395 609 1471 pronomine
634 1395 738 1453 tertiae
768 1409 913 1470 personae
940 1387 1019 1452 σλέο
1042 1388 1128 1452 olori
1151 1387 1213 1452 σλέ
1233 1385 1314 1466 σλός
1337 1400 1368 1453 ct

190 1492 361 1552 nominibus
385 1484 546 1571 efeuopdg
569 1485 691 1563 σέἐθος
714 1482 844 1571 σλόσαρ
874 1482 1030 1570 ostonde,
1058 1507 1186 1569 quorum
1209 1491 1364 1553 vocabulo-

189 1608 255 1650 rum
284 1589 407 1651 sibilans
437 1591 469 1650 in
493 1587 612 1649 aeolicis
636 1588 740 1648 lormis
761 1587 820 1648 fot
839 1581 880 1648 λέ
899 1579 959 1660 foe
987 1587 1074 1666 plane
1103 1586 1217 1649 abiecta
1245 1597 1304 1670 est,
1332 1593 1364 1652 in

189 1687 359 1766 vulgaribus
384 1674 420 1747 ol
440 1681 461 1747 ἕ
480 1678 598 1767 έκορός
621 1677 724 1766 ἱδρώς
746 1683 861 1746 abiecto
885 1685 1033 1764 digamma
1062 1687 1093 1747 in
1118 1690 1257 1767 spiritum
1281 1708 1363 1769 aspe-

188 1802 255 1846 rum
279 1785 406 1846 transiit.
448 1783 562 1855 Quodsi
585 1785 652 1863 quis
671 1781 801 1844 Homero
824 1779 902 1846 σέἐο
923 1777 981 1845 σέἑ
1001 1785 1187 1848 reddendum
1206 1805 1272 1848 esse
1292 1806 1361 1848 cen·

187 1891 276 1964 seret,
301 1881 438 1962 equidem
462 1900 522 1961 quo
546 1881 711 1943 refellerem
730 1899 791 1942 non
809 1881 958 1964 haberem,
982 1871 1040 1943 nisi
1059 1883 1138 1962 quod
1159 1884 1247 1945 surda
1267 1885 1361 1946 vocali

187 2001 206 2041 ο
230 1980 392 2042 formarum
416 1964 458 2042 οὗ
482 1967 517 2041 ol
538 1971 576 2052 ὅς
598 1982 657 2042 vim
680 1979 819 2058 digammi
842 1990 1047 2060 consumptam
1071 1999 1137 2041 esse
1161 1981 1302 2042 dicerem.

275 2078 389 2140 Deinde
413 2077 587 2139 difficultate
611 2078 684 2139 duas
712 2095 858 2138 consonas
886 2077 1014 2138 initiales
1042 2077 1256 2157 pronuntiandi
1279 2087 1361 2140 ortae

186 2195 252 2237 esse
275 2177 416 2238 videntur
439 2179 540 2256 epicae
563 2177 674 2236 formae
698 2173 787 2248 ἐισος
805 2176 867 2236 sire
886 2173 997 2247 ἔλισος
1016 2193 1051 2234 ιιι
1071 2173 1214 2254 dilianae,
1238 2172 1360 2238 ἐείκοσι

186 2277 247 2335 sive
272 2269 417 2336 ἐλείκοσι
440 2293 476 2334 ex
500 2270 677 2352 ἐδέεέκοσι,
701 2271 798 2334 ἔεδνα
822 2275 883 2333 sive
907 2269 1028 2334 treuva
1051 2290 1087 2332 ex
1107 2271 1260 2353 sessove,
1284 2293 1360 2354 quae

186 2376 285 2453 priore
305 2391 434 2435 consona
450 2373 560 2432 sensim
575 2369 682 2432 abolita
697 2370 818 2431 alteram
833 2369 1012 2450 aliquamdiu
1032 2372 1194 2433 retinuisse
1213 2372 1360 2456 videntur,

185 2473 274 2534 sicuti
298 2470 377 2550 apud
401 2468 608 2549 Francogailos
632 2469 689 2531 deu
711 2488 747 2529 ex
770 2475 915 2549 escutum,
939 2470 1002 2528 dtre
1026 2487 1061 2528 ex
1087 2476 1203 2530 exstare
1223 2488 1360 2548 procrea-

186 2575 248 2630 tum
273 2587 339 2629 esse
362 2569 450 2647 pueri
472 2570 580 2629 sciunt.
618 2565 840 2640 Vocabulorum
858 2586 927 2628 vero
951 2559 1074 2648 ἐέλδωρ
1094 2559 1191 2650 ἐέρση
1211 2560 1358 2630 ἐέλπεται

185 2659 290 2748 ἐέργει
324 2659 434 2728 ἐέλσαι
466 2665 606 2738 vocalem,
627 2665 840 2744 prostbetieam
869 2682 939 2725 cum
970 2662 1068 2724 littera
1103 2663 1216 2743 liquida
1243 2667 1360 2744 peti.

184 2764 346 2826 cohaerere
382 2766 533 2846 suspicor5
570 2765 646 2825 sicut
679 2766 759 2824 enim
790 2764 882 2843 prisci
918 2761 1017 2822 Latini
1048 2759 1117 2840 vlup
1156 2760 1295 2822 dicebant
1331 2771 1361 2825 et

184 2864 313 2925 Graecos
346 2870 462 2922 veteres
493 2853 644 2941 ἅπόλρας
670 2858 794 2942 ἐλληρα
831 2854 931 2941 ἐέρύς
958 2856 1118 2939 ditandus
1152 2852 1362 2941 uoldfpnvsr

184 2953 381 3041 satolfporro
414 2957 551 3019 ἐσλωθα
584 2957 693 3018 dixisse
726 2960 891 3038 coniciunt,
923 2960 966 3018 sic
1000 2947 1127 3035 tutore
1157 2974 1193 3016 ex
1221 2947 1360 3036 έέρέγοι,

184 3051 303 3142 ἒέέρση
332 3075 369 3118 ex
396 3047 531 3138 έλρέση,
558 3045 729 3124 {diluerat
759 3074 794 3116 ex
822 3047 992 3118 έέλέιιεται
1021 3061 1121 3114 ortum
1144 3071 1210 3114 esse
1234 3054 1359 3116 ridetur.

185 3159 266 3228 Quae
291 3174 359 3218 eum
388 3157 428 3216 ita
452 3162 624 3233 statuerem,
650 3161 881 3215 consentaneum
905 3152 976 3230 luit,
1005 3157 1038 3211 nt
1061 3150 1108 3210 bis
1132 3169 1251 3231 quoqne
1275 3170 1359 3213 voca·

184 3256 262 3317 bulis
291 3272 380 3314 smrm
408 3253 554 3333 digamma
582 3251 786 3312 concederem.
832 3250 917 3322 Otrod
947 3257 1046 3310 autem
1077 3248 1165 3328 vulgo
1195 3249 1243 3311 his
1271 3251 1359 3312 adde-

183 3354 272 3414 batur
303 3343 512 3432 έείσάριενος,
540 3349 570 3410 id
604 3349 688 3409 nibili
721 3367 786 3409 esse
819 3346 1016 3425 omnibusque
1044 3344 1118 3406 locis
1140 3340 1185 3431 (B
1209 3345 1260 3409 22.
1286 3345 1358 3411 795.

182 3439 1358 3529 rese=gat11720=12326=P585=r82t241>

182 3541 382 3629 λεισάμενος
405 3546 510 3625 reponi
533 3563 620 3625 posse
640 3553 670 3606 et
688 3543 798 3605 debere
818 3545 891 3604 scita
911 3542 1014 3604 docuit
1031 3540 1082 3606 lm.
1101 3541 1255 3603 bekkerus
1274 3543 1357 3604 llom.

272 3743 292 3822 ξ
318 3740 390 3804 109.
413 3741 514 3802 Multis
524 3758 593 3801 vero
604 3740 964 3820 vocibnsaoonsonapin
975 3738 1089 3818 vulgari
1099 3737 1198 3818 lingua
1214 3741 1357 3818 iucipien-

183 3842 264 3903 tibns
287 3841 452 3919 antiquitus
472 3838 617 3918 digamma
636 3839 799 3919 praefixum
819 3840 911 3899 luisse
931 3845 961 3898 et
979 3835 1154 3917 elymologia
1174 3845 1204 3899 et
1224 3839 1355 3898 testimo-

182 3942 240 4001 niis
264 3938 420 4000 titulorum
444 3936 701 4016 dialectorumquc
726 3937 837 3998 dudum
862 3934 1086 4014 comprobatum
1106 3943 1159 3994 est.
1198 3933 1309 3996 Harum
1330 3939 1360 3998 in

182 4056 340 4100 numerum
364 4035 512 4096 Knoesins
534 4054 562 4114 p.
582 4031 759 4096 290-305
779 4035 950 4096 referendas
974 4051 1039 4094 asse
1063 4031 1165 4093 docuit
1191 4023 1360 4114 ἐρήγνυμι

179 4127 359 4218 ἐρηξήνοιρ
381 4136 541 4216 ,Ρρηγμλνι
563 4125 653 4213 foul&
675 4125 866 4214 fpmyaie'og
887 4131 982 4213 λρίζα
1004 4122 1166 4211 έραδινός
1188 4123 1358 4210 Ὲροδανός

180 4229 262 4316 ἱρέα
284 4227 425 4314 ἐρήὸιος
451 4223 578 4311 ἐροέκος
608 4223 713 4312 ἐρὲζω
744 4225 857 4313 folum
890 4222 1064 4309 έρόιιαλον
1095 4225 1223 4307 foderem
1254 4221 1359 4310 forato}

180 4332 312 4414 ἐρίμφα
335 4327 476 4411 spoliate
497 4320 620 4409 ἐρητός
648 4321 775 4408 λρητήρ
802 4325 921 4409 ,Ρρῇσις
949 4327 1067 4404 λρῦγος
1094 4317 1217 4406 ἐριγέω
1249 4327 1359 4408 Ἐρινε-

186 4423 289 4504 δανές
310 4418 429 4510 ἔρινός
450 4418 581 4508 ἐρόὸον
607 4418 879 4508 ἐροδοδιέιιτυλος
907 4413 1037 4506 λρνμός
1062 4415 1188 4506 foveas
1213 4416 1358 4508 folletot}
