3280 5104
644 425 886 489 —145-

175 589 204 647 in
228 607 343 668 εμεναι
367 589 528 649 infinitivus
551 591 582 650 in
601 607 678 668 εμεν
697 587 809 647 abiecta
834 595 965 648 extrema
990 589 1084 651 vocali
1107 599 1189 651 ortos
1213 609 1278 651 esse
1299 609 1346 650 ve·

176 693 254 746 teres
287 689 472 764 grammatici
504 696 627 747 accentu
661 688 691 746 in
724 684 973 765 antepaenultima
1006 686 1115 767 syllaba
1139 690 1236 767 posito
1260 679 1349 769 (ἀγέ-

174 803 250 862 μεν,
276 803 335 845 non
359 777 496 868 ἄγεμεν)
520 783 739 864 significabant3
767 787 816 845 cui
840 786 1030 863 originationi
1058 788 1190 866 egregie,
1224 785 1303 865 quod
1332 803 1348 846 a

173 884 375 960 grammaticis
404 882 622 944 recentioribus
650 883 817 960 neglectum
846 899 911 942 esse
940 884 1040 965 video,
1069 901 1141 945 usus
1169 883 1275 944 horum
1304 885 1348 942 in·

173 981 356 1041 linitirorum
380 983 411 1040 in
435 979 556 1042 Homeri
580 979 762 1041 carminibus
786 981 871 1040 lavet.
909 980 1041 1062 Namque
1065 981 1150 1060 longe
1176 982 1347 1060 saepissime

174 1079 314 1138 infinitivi
338 1081 465 1158 inopen
485 1086 551 1140 ante
572 1078 701 1140 vocalem
721 1079 810 1156 positi
829 1085 907 1158 suut,
932 1079 1011 1140 velut
1026 1081 1164 1140 infinitivi
1183 1069 1347 1157 ἀκουέμεν

174 1185 204 1235 ct
227 1171 381 1254 ἐλθέμεν,
405 1193 473 1235 curn
492 1178 575 1254 prior
594 1174 763 1255 duodecies,
786 1173 860 1234 alter
883 1176 974 1235 vicies
993 1185 1039 1236 ter
1058 1175 1094 1235 ab
1113 1174 1242 1235 Homero
1262 1190 1347 1234 osur-

174 1276 235 1352 pati
264 1275 338 1352 sint,
370 1275 428 1333 nisi
456 1281 524 1333 ante
547 1272 663 1334 vocales
687 1289 746 1332 non
769 1272 918 1351 leguntur.
964 1274 1062 1353 Atque
1085 1271 1141 1333 boc
1166 1279 1199 1332 ut
1222 1279 1348 1352 teneret,

175 1377 324 1448 tamquam
348 1368 443 1448 legem
463 1372 592 1449 scriptor
611 1369 758 1449 Odysseae
778 1369 835 1429 sibi
851 1373 1045 1448 proposuisse
1064 1370 1189 1430 ridetur.
1226 1369 1298 1430 Nam
1318 1371 1349 1428 in

175 1468 279 1546 viginti
314 1474 454 1546 quattuor
485 1467 570 1529 libris
603 1485 662 1528 non
694 1464 761 1544 plus
789 1468 918 1529 sedecim
943 1469 1078 1530 versibus
1101 1463 1135 1548 (κ
1158 1464 1231 1530 537.
1255 1468 1273 1527 λ
1297 1465 1349 1528 50.

175 1560 226 1624 89.
251 1591 295 1613 =
318 1584 344 1644 φ
368 1561 397 1625 3.
423 1592 464 1614 =
489 1561 540 1626 81.
565 1589 607 1612 =
632 1583 658 1624 to
679 1561 751 1625 168.
778 1561 864 1638 tat.
896 1587 914 1626 o
940 1565 990 1628 17.
1014 1564 1088 1628 378.
1120 1562 1242 1627 π143.
1275 1563 1348 1627 σ3.

173 1681 193 1721 κ
216 1659 292 1723 386.
317 1683 336 1742 p
360 1660 434 1724 404.
458 1685 471 1723 ι
494 1660 545 1722 97.
569 1682 591 1722 ν
614 1658 688 1722 330.
712 1682 732 1741 η
756 1656 815 1746 49)
839 1663 978 1723 infinitivi
997 1665 1027 1724 in
1051 1682 1129 1743 εμεν
1153 1672 1221 1725 ante
1246 1681 1348 1723 conso-

172 1768 279 1820 nantes
303 1760 418 1821 litteras
442 1760 576 1822 collooati
599 1762 800 1821 inveniuntur.
837 1760 938 1822 Paullo
962 1760 1050 1823 latius
1078 1779 1151 1821 usus
1175 1759 1281 1820 borum
1306 1763 1348 1820 in-

174 1859 357 1919 linitivorum
381 1859 412 1919 in
436 1857 525 1919 lliade
549 1851 595 1940 <A
616 1854 687 1918 170.
706 1856 781 1921 283.
805 1856 879 1920 323.
902 1857 978 1920 443.
1003 1862 1035 1919 Δ
1054 1856 1105 1920 94.
1129 1855 1203 1920 379.
1226 1859 1258 1917 Ε
1274 1856 1350 1919 486.

174 1955 213 2016 Η
238 1952 311 2017 199.
333 1954 409 2018 471.
431 1957 454 2017 Ι
474 1953 549 2018 411.
573 1949 647 2015 571.
671 1955 702 2014 Λ
728 1951 799 2017 719.
823 1957 857 2016 Σ
877 1954 953 2018 436.
980 1957 1011 2017 Τ
1030 1953 1102 2018 195.
1125 1956 1159 2015 ta
1179 1953 1251 2018 119.
1277 1953 1350 2017 147.

176 2051 249 2116 176.
276 2046 354 2136 196)
379 2063 408 2114 et
431 2057 462 2114 in
482 2052 611 2114 Hesiodo
635 2047 696 2134 (op.
721 2051 795 2115 215.
818 2051 894 2115 457.
915 2047 993 2137 766)
1018 2061 1107 2134 patet,
1130 2057 1171 2115 ita
1194 2062 1292 2116 tamen
1317 2062 1351 2116 ut

177 2154 281 2212 aoristi
305 2152 429 2213 secundi
452 2153 613 2212 infinitivus
636 2153 666 2211 in
691 2170 769 2230 εμεν
796 2159 864 2212 ante
892 2162 1090 2213 consonantes
1122 2151 1237 2213 litteras
1269 2153 1349 2212 inve·

175 2251 239 2310 nias
270 2249 369 2310 nullos
399 2251 457 2311 nisi
484 2250 552 2309 bos:
584 2243 795 2329 πεφραδέμεν
822 2269 843 2327 η
876 2246 929 2311 49.
957 2269 1003 2329 op.
1028 2248 1104 2326 766,
1138 2245 1286 2331 φαγέμεν
1320 2261 1350 2311 et

174 2342 291 2427 πιέμεν
324 2367 344 2407 κ
373 2346 446 2410 386.
476 2367 493 2408 o
522 2343 596 2407 378.
624 2361 648 2405 π
677 2342 748 2407 143.
778 2344 895 2426 ρ404.
926 2346 999 2428 63,
1022 2343 1189 2430 τραφέμεν
1217 2349 1256 2410 Η
1276 2345 1350 2410 199.

175 2446 210 2505 Σ
232 2445 260 2508 1.
284 2443 337 2526 36,
361 2439 463 2527 δόμεν
489 2448 521 2505 Δ
539 2441 614 2506 379.
636 2441 750 2524 1571,
776 2437 920 2524 μεθέμεν
944 2449 975 2506 Α
999 2444 1073 2510 283.
1098 2449 1130 2506 A
1149 2443 1200 2506 94.
1238 2444 1348 2506 Herum

175 2545 267 2621 igitur
291 2561 383 2604 cursu
406 2547 470 2623 ipso
493 2542 529 2602 ad
553 2541 715 2601 infinitivus
739 2543 839 2618 epicos
862 2544 893 2602 in
917 2563 984 2604 εειν
1008 2543 1098 2604 delati
1122 2561 1233 2604 sumus.

265 2639 285 2716 ξ
309 2639 368 2704 88-
407 2641 529 2702 Praeter
553 2638 692 2699 infinitivi
715 2637 855 2698 suffixum
878 2658 977 2719 μεναι
999 2640 1125 2702 alterum
1149 2639 1270 2700 brevius
1292 2657 1350 2698 ναι

177 2740 283 2800 Graeci
306 2757 342 2799 ex
366 2746 465 2800 vetere
489 2737 589 2816 lingua
613 2743 797 2816 acceperant,
821 2736 900 2816 quod
925 2739 1014 2799 simili
1035 2738 1122 2800 modo
1142 2745 1172 2798 ct
1190 2733 1274 2797 verbi
1293 2737 1351 2814 ipsi

178 2838 265 2916 stirpi
293 2835 493 2914 subiciebant,
522 2842 555 2895 ut
582 2824 701 2914 φά-ναι
725 2827 874 2896 διδό-ναι
896 2833 1026 2915 βῆ-ναι,
1055 2845 1085 2898 et
1106 2837 1263 2898 interiecta
1286 2833 1349 2896 the·
1411 2893 1413 2898 ,

177 2937 284 2996 αιεῑ1ιιι
321 2934 414 2996 vocali
451 2953 519 2997 cum
557 2930 641 2993 verbi
677 2931 776 2993 radice
813 2933 1046 3016 coniungebaut,
1082 2944 1116 2996 ut
1147 2927 1351 3014 γεγονέναι

178 3029 302 3094 έ-έ-ναι.
339 3032 384 3093 Ex
407 3032 463 3094 hoo
488 3017 732 3092 sutnxoabiecta
751 3029 933 3110 diphthongo
953 3032 1034 3092 linali
1052 3053 1087 3093 αι
1105 3031 1150 3093 vel
1170 3034 1200 3092 in
1219 3032 1350 3110 priorem

178 3130 319 3211 syllabam
352 3133 461 3209 partim
495 3135 615 3206 recepta
643 3127 778 3206 vulgares
806 3128 969 3188 infinitivos
996 3121 1091 3208 ι’έγειν
1119 3124 1234 3209 φέρειν
1263 3127 1351 3208 ἔχειν

178 3239 259 3291 ortos
287 3247 353 3288 esse
383 3231 445 3289 veri
473 3227 569 3289 simile
592 3235 651 3307 est,
680 3229 748 3307 quia
772 3224 850 3305 quod
874 3225 960 3286 lones
984 3227 1134 3306 Atticique
1158 3218 1266 3306 ἄγειν,
1295 3225 1351 3286 hoc

178 3328 271 3389 llores
295 3318 377 3405 ἄγεν
401 3326 547 3388 dicebant.
592 3325 637 3386 ab
661 3325 806 3385 infinitivo
830 3330 928 3382 autem
952 3326 1118 3402 praesentis
1141 3325 1284 3403 temporis
1308 3324 1351 3382 in·

179 3427 310 3486 finitivus
334 3427 437 3485 aoristi
460 3424 584 3486 secundi
608 3443 701 3503 aeque
725 3429 813 3500 atque
832 3421 1023 3499 participium
1042 3424 1208 3500 praesentis
1227 3439 1242 3480 a
1262 3422 1352 3501 parti·

178 3525 256 3602 cipio
275 3523 379 3583 aoristi
398 3515 561 3604 (φεύγων,
584 3513 719 3602 φυγών)
743 3516 805 3578 solo
829 3527 954 3579 accentu
973 3518 1081 3601 differt,
1105 3523 1191 3582 cuius
1211 3528 1351 3582 accentus

178 3624 323 3700 originem
348 3638 384 3680 ex
398 3639 442 3700 eo,
462 3619 540 3700 quod
560 3621 591 3680 in
609 3625 710 3678 vetere
724 3617 883 3696 graecitate
899 3617 1036 3678 similiter
1050 3615 1138 3699 atque
1157 3621 1188 3679 in
1208 3619 1351 3679 sanserita

179 3719 277 3798 lingua
302 3735 406 3778 omnes
429 3720 540 3779 iormae
564 3719 666 3776 aoristi
691 3715 814 3776 secundi
833 3724 988 3776 accentum
1008 3719 1038 3776 in
1058 3717 1192 3778 ultimam
1211 3713 1349 3795 syllabam

179 3819 358 3896 deiecerant,
382 3815 572 3894 repetendam
597 3831 662 3874 esse
687 3815 838 3894 ingeniose
862 3812 964 3874 docuit
987 3815 1040 3876 Tb.
1064 3815 1176 3894 Benley
1199 3813 1303 3874 Oricnt
1322 3833 1350 3875 u.

178 3914 324 3976 Occideut
346 3912 386 3972 lll
410 3910 461 3974 65.
506 3913 544 3974 tt
567 3911 714 3972 Homerus
737 3911 782 3973 vel
806 3911 977 3990 quicunque
1000 3914 1081 3992 istas,
1105 3913 1141 3972 de
1165 3911 1273 3990 quibus
1293 3912 1349 3971 iam

179 4013 386 4091 disputaturus
410 4031 486 4090 sum,
510 4011 619 4072 lormas
638 4009 757 4069 Homeri
777 4008 957 4070 carminibus
977 4009 1085 4090 intulit,
1109 4029 1176 4070 curn
1195 4015 1350 4069 accentum

179 4110 403 4172 circumflexum
428 4109 605 4170 aoristorum
630 4108 738 4168 λιπεῖν
758 4103 844 4169 ἰδεῖν
863 4113 970 4168 τεκεῖν
993 4126 1028 4168 ex
1052 4109 1213 4167 contractis
1237 4106 1351 4168 duabus

181 4209 330 4270 vocalibus
372 4216 473 4268 natum
517 4224 581 4267 esse
624 4203 681 4264 sibi
725 4206 937 4285 persuasisset,
978 4203 1048 4263 illud
1090 4209 1141 4262 εῖν
1187 4203 1351 4264 secundum

180 4305 347 4367 libertatem
376 4307 472 4384 poetis
501 4321 671 4366 concessam
699 4304 729 4362 iu
758 4323 825 4364 εειν
854 4300 974 4362 dissolvi
1002 4317 1090 4378 posse
1113 4299 1274 4362 arbitratus
1297 4311 1351 4364 est.

181 4401 251 4464 lude
292 4405 355 4464 nati
397 4410 467 4463 sunt
508 4403 646 4462 infinitivi
682 4400 839 4461 admodum
879 4399 1050 4476 trequentes
1087 4394 1189 4460 ἰδέειν
1226 4394 1351 4461 λιπέειν

182 4495 303 4562 τεκέειν
344 4495 485 4562 παθέειν
525 4493 659 4578 βαλέειν
698 4492 837 4559 θανέειν
877 4491 1010 4576 ταμέειν
1052 4491 1184 4560 δακέειν
1220 4494 1352 4578 χαδέειν

235 4611 298 4662 noso,
313 4611 347 4650 ιι.
362 4607 458 4650 coast·
1106 4603 1139 4652 10
