3276 5090
651 399 870 464 ..53-

168 564 284 621 narrati
316 557 427 645 suut.¹)
474 562 551 632 Ouid
583 560 696 642 igitur?
732 573 887 642 poetamne
920 566 1039 643 ingenio
1067 565 1173 627 lusisse
1202 585 1298 648 neque
1326 587 1343 630 a

168 676 273 718 rerum
303 669 408 721 natura
435 660 576 721 recedere
605 662 733 720 veritum
760 678 826 721 esse
855 661 908 721 tibi
931 662 1124 740 persuadebis
1148 664 1342 726 celeberrimo

168 755 235 816 loco
273 756 343 816 libri
379 758 412 817 X
443 754 626 818 lav-156
663 753 875 840 commotus2),
912 759 964 819 nbi
1001 759 1213 821 Scamandrum
1251 781 1342 842 prope

167 872 272 913 muros
314 853 419 916 Troiae
461 857 535 915 oriri
573 862 659 934 poeta
698 856 809 934 fingere
845 854 985 918 videtur?
1033 858 1070 918 tt
1106 858 1155 918 ille
1192 858 1275 920 locus
1312 870 1343 921 et

167 948 287 1011 facilius
314 951 451 1012 libertate
479 955 611 1031 poeticae
640 955 819 1014 inventionis
847 956 984 1015 excusari
1006 962 1106 1033 potest
1128 963 1158 1016 et
1182 956 1268 1016 aliam
1291 957 1340 1017 ad·

165 1049 260 1108 mittit
283 1067 318 1108 ac
346 1067 438 1128 paene
467 1049 579 1128 llagitat
607 1049 846 1128 explicationem,
870 1051 1017 1130 siquidem
1046 1071 1093 1131 ea,
1122 1070 1196 1130 qnae
1223 1061 1338 1114 antece·

167 1145 244 1206 dunt
271 1147 303 1206 Φ
326 1143 516 1228 uon-604,
539 1156 644 1227 poetae
668 1151 760 1209 menti
788 1156 878 1228 capnt
901 1147 1073 1209 Scamandri
1097 1149 1182 1228 longe
1207 1150 1243 1210 ab
1268 1150 1341 1211 urbe

165 1251 317 1304 remotum
345 1244 496 1306 obversari
524 1243 604 1306 clare
632 1246 794 1306 ostendunt
821 1253 851 1306 et
877 1239 980 1325 πηγαὶ
1004 1239 1232 1328 Σκαμάνδρου
1254 1251 1343 1310 etiam

166 1342 267 1402 tontes
308 1342 473 1432 rivulorum
513 1347 544 1404 in
582 1343 796 1405 Scamandrum
837 1343 947 1404 llumen
987 1343 1175 1405 inlluentium
1211 1345 1344 1425 intellegi
1435 1337 1445 1356 ⁹

165 1457 256 1518 posse
289 1441 436 1502 videntur.
487 1440 539 1502 llis
571 1441 608 1501 de
640 1442 738 1501 causis
769 1440 906 1520 equidem
934 1440 971 1500 de
998 1440 1101 1502 litibus
1129 1443 1341 1522 componendis

165 1548 197 1596 et
225 1536 262 1596 de
290 1541 404 1600 unitate
432 1541 524 1600 totius
552 1541 687 1619 corporis
715 1537 813 1599 Iliadis
836 1538 1020 1599 defendenda
1044 1557 1090 1599 me
1115 1539 1273 1620 desperare
1297 1543 1341 1601 in-

165 1653 265 1713 genue
291 1635 394 1697 lateor.

256 1733 277 1809 ὅ
301 1731 352 1794 36.
397 1733 463 1794 Νοιι
491 1753 507 1794 e
537 1752 569 1794 re
593 1732 736 1794 absonum
761 1735 818 1794 erit
841 1735 872 1792 in
895 1733 953 1794 flue
977 1733 1065 1794 buius
1089 1738 1182 1814 partis
1204 1736 1338 1820 prolego-

165 1847 322 1891 menorum
350 1833 453 1910 paucis
481 1849 642 1912 exponere,
674 1849 729 1891 cur
757 1831 792 1891 cd
820 1831 1014 1892 removendas
1041 1839 1130 1910 atque
1158 1834 1341 1894 excusandas

164 1931 417 1989 inconcinnitates
448 1929 547 1990 iliadis
584 1947 642 1988 non
680 1947 743 1989 eam
781 1930 926 1988 rationem
959 1927 1111 2005 amplexus
1143 1933 1213 2010 sim,
1251 1951 1341 2010 quam

166 2025 374 2086 Lachmannus
397 2029 428 2086 in
450 2024 614 2086 clarissimo
633 2023 741 2104 libello,
764 2025 1004 2102 Betracbtungeu
1025 2024 1099 2085 siber
1119 2025 1244 2088 Homers
1263 2027 1339 2110 llias,

166 2126 305 2205 praeivit,
339 2133 373 2184 ut
400 2125 530 2184 earmina
553 2122 651 2184 iliadis
680 2124 809 2200 primum
837 2129 972 2199 separata
1000 2121 1092 2184 luisse
1120 2132 1151 2184 et
1179 2143 1260 2206 eum,
1289 2127 1340 2204 qni

165 2223 195 2282 iu
220 2224 311 2282 unius
335 2223 479 2299 poematis
502 2237 612 2298 corpus
633 2238 667 2280 ea
685 2221 841 2298 coegisset,
865 2218 951 2297 louge
969 2239 986 2279 a
1004 2220 1129 2280 consilio
1148 2229 1179 2281 et
1196 2223 1339 2301 sapientia

164 2325 322 2380 auctorum
344 2321 509 2380 carminum
532 2316 648 2377 illomm
673 2317 783 2378 aluisse
806 2317 928 2378 diceret.
974 2317 1070 2395 Atque
1093 2320 1223 2397 primum
1246 2323 1339 2380 maior

165 2434 235 2495 pars
268 2415 368 2477 iliadis
401 2423 432 2476 et
463 2417 599 2495 inprimis
634 2414 755 2475 ultimae
787 2414 962 2493 rhapsodias
995 2423 1055 2474 tam
1087 2426 1188 2494 aperte
1220 2425 1338 2497 poetam

163 2514 296 2592 produnt
320 2531 457 2592 maguum
482 2512 629 2591 quoddam
652 2512 809 2573 consilium
832 2513 929 2574 auimo
954 2510 1117 2572 volventem
1136 2521 1166 2572 et
1184 2513 1219 2572 ad
1239 2516 1340 2591 imagi·

166 2629 233 2671 nem
262 2610 384 2688 grandis
408 2611 552 2690 poematis
576 2618 673 2670 mente
698 2618 872 2689 conceptam
895 2605 1026 2686 singulas
1050 2616 1149 2687 partes
1172 2618 1337 2688 temperan-

164 2717 233 2788 tem,
256 2717 290 2769 ut
308 2725 345 2767 ne
365 2707 572 2768 Lachmannus
592 2705 710 2785 quidem
730 2727 764 2768 ea
783 2725 924 2786 umquam
942 2716 1076 2784 separato
1096 2710 1226 2793 carmina
1246 2709 1337 2770 luisse

164 2806 265 2866 dicere
293 2805 426 2866 auderet.
471 2804 547 2865 Tum
576 2823 610 2864 ea
634 2822 752 2884 qnoque
776 2806 919 2884 carmina,
946 2821 1022 2882 quac
1045 2808 1178 2882 separari
1201 2813 1337 2888 possunt,

164 2906 321 2964 maximam
354 2911 468 2980 partem
496 2904 536 2962 ita
563 2909 731 2980 comparata
760 2911 843 2981 sunt,
876 2909 911 2961 ut
935 2907 966 2961 et
994 2899 1183 2963 fundamento
1212 2903 1337 2964 aliorum

164 3003 330 3062 carminum
349 3003 483 3062 nitantur
501 3009 532 3060 et
545 3017 594 3060 res
609 2999 673 3060 aliis
687 2998 870 3060 carminibus
884 2998 1098 3058 continuandas
1113 3007 1243 3060 narrent.
1277 2999 1335 3079 Sic,

164 3108 197 3160 ut
224 3101 339 3159 mittam
371 3101 486 3177 ineptas
514 3099 645 3176 argutias
673 3115 789 3175 eorum,
818 3098 869 3174 qui
898 3101 1036 3173 quartum
1064 3094 1172 3156 librum
1200 3115 1216 3156 a
1245 3098 1334 3156 tertio

164 3197 209 3258 vel
238 3197 389 3258 decimum
418 3197 539 3256 tertium
570 3213 586 3254 a
618 3194 733 3255 decimo
767 3200 873 3272 quarto
905 3191 1086 3252 divellendos
1118 3201 1148 3254 et
1180 3193 1271 3254 alium
1298 3193 1358 3260 ab,

164 3294 219 3354 alio
248 3301 336 3373 poeta
363 3295 561 3371 compositum
584 3311 649 3352 esse
673 3289 878 3370 autumabant,
902 3291 991 3350 etiam
1014 3287 1083 3349 libri
1107 3289 1118 3348 l
1142 3297 1172 3351 et
1195 3290 1218 3349 V
1242 3297 1272 3351 et
1296 3289 1336 3350 lll

353 3451 357 3458 ι

254 3513 281 3579 1)
300 3509 373 3562 Hinc
396 3507 512 3562 refuicii
538 3507 705 3562 sententium
727 3504 901 3560 Lachmanni
923 3521 1019 3560 versos
1043 3505 1071 3562 Ξ
1087 3509 1139 3559 402
1159 3520 1217 3573 sqq.
1244 3505 1335 3560 versui

162 3595 186 3644 Α
202 3593 253 3644 boi
270 3587 433 3643 subicientis
446 3587 565 3658 probavi
579 3585 608 3640 in
622 3584 865 3654 commentatione,
880 3584 932 3638 Die
946 3585 1106 3639 sacblicben
1120 3581 1336 3654 Widerspnicbe

161 3667 298 3722 desilies
317 3686 343 3736 p.
364 3673 428 3734 16⁷,
452 3667 527 3735 quod
545 3664 716 3720 Beniclsenio
739 3680 784 3718 me
806 3681 862 3719 non
885 3663 1053 3734 persuasisse
1072 3680 1106 3718 ex
1124 3662 1196 3718 libro
1214 3664 1335 3733 benigne

161 3747 233 3803 mibi
256 3748 293 3802 ab
318 3746 378 3802 eius
396 3747 510 3801 auclore
528 3743 708 3812 transmisso,
727 3744 844 3800 Studien
862 3744 919 3798 und
937 3743 1136 3814 Forschungen
1154 3762 1180 3813 p.
1199 3743 1287 3798 LXXI
1307 3745 1335 3797 ci

160 3828 209 3883 CV
233 3827 361 3897 cognovi.
398 3823 449 3880 oni
468 3828 522 3882 boc
540 3826 631 3880 solum
649 3823 817 3894 respondeo,
841 3822 952 3879 etiamsi
970 3823 1051 3877 ilium
1070 3821 1101 3878 in
1119 3821 1232 3876 sinistro
1250 3822 1331 3890 purbe

161 3925 251 3978 prope
271 3906 472 3974 Bouarbcscbi,
492 3906 567 3974 quod
586 3903 635 3958 illo
653 3906 810 3974 praeoptat,
829 3903 996 3958 collocatam
1014 3901 1098 3957 fuisse
1117 3903 1253 3971 puberem,
1273 3917 1335 3956 sen-

161 3986 284 4042 teutiam
302 4003 347 4040 me
366 4001 421 4040 uon
440 3987 612 4040 mutaturum
632 4000 708 4050 esse,
731 3982 959 4051 quondoquidem
978 3982 1128 4047 Homerus,
1151 3980 1262 4047 qualem
1282 3995 1334 4049 ego

161 4084 226 4121 eum
250 4067 361 4120 novisse
384 4063 454 4119 mihi
477 4064 586 4130 videor,
610 4063 634 4117 si
658 4061 794 4116 Troianos
820 4061 865 4115 vel
882 4062 1005 4117 Achivos
1023 4062 1108 4131 ponte
1127 4058 1231 4112 flumen
1249 4061 1334 4114 untes

159 4145 304 4202 traiecisse
337 4161 388 4199 sua
414 4144 509 4199 menie
536 4143 674 4210 fluxisset,
709 4141 764 4197 boc
794 4141 879 4196 obiam
907 4140 999 4196 verbis
1026 4138 1210 4208 significasset
1242 4155 1332 4207 nequo

161 4225 276 4281 silentio
295 4222 537 4294 prseiermisieseb
565 4221 642 4277 Haec
660 4224 689 4276 et
702 4219 807 4275 similia
820 4220 890 4276 recti
904 4219 1018 4288 verique
1032 4234 1125 4280 sensu,
1143 4235 1200 4272 nou
1214 4234 1332 4288 operoso.

161 4305 292 4361 doctrine
309 4303 497 4359 examinando
515 4305 587 4358 suni.

250 4386 278 4454 θ)
298 4383 449 4440 Hoc‘loco
476 4383 604 4453 inprimis
632 4384 787 4454 commotus
814 4383 857 4435 est
877 4377 983 4447 Anglus
1006 4374 1172 4446 (iladstone,
1200 4378 1330 4436 Homeris
1427 4429 1437 4442 ,

163 4464 355 4532 synchronism
373 4482 401 4533 p.
421 4469 463 4520 io.
