3276 5090
657 399 878 463 ...49-

176 561 415 624 fundamentales
446 579 508 641 res,
541 561 649 640 quibus
678 562 811 622 diversae
843 570 943 641 partes
973 561 1072 622 Iliadis
1100 564 1291 623 continentur
1320 568 1350 622 et

175 660 375 739 distinemur,
399 668 469 718 sunt
496 676 601 720 murus
631 668 798 720 castrorum
826 667 856 718 et
878 658 961 738 Lycii
989 661 1062 720 socii
1091 667 1120 718 et
1147 659 1253 719 lluvius
1282 659 1350 720 Sca-

174 757 310 818 mander.
356 755 409 816 llis
433 757 469 818 de
498 758 589 818 rebus
612 761 653 818 ita
676 760 733 818 iam
761 756 926 836 disputabo,
949 765 983 817 ut
1006 765 1115 817 statum
1139 775 1244 816 causae
1268 756 1351 818 brevi

174 854 367 933 adumbrem3
392 857 443 933 qui
471 850 556 935 plura
585 858 662 916 scire
691 855 774 933 velit,
801 854 837 914 ad
865 857 1142 916 commentationem
1171 873 1274 933 meam,
1298 854 1350 914 llis

174 951 349 1012 saeblicben
388 951 619 1032 Widerspriicbe
661 953 715 1014 der
751 951 819 1011 llias
856 945 962 1034 (Sitzb.
999 952 1027 1013 d.
1064 952 1091 1013 b.
1128 951 1218 1012 Ahad.
1258 949 1351 1031 1881,

175 1049 204 1110 ΙΙ
231 1043 421 1130 125-171)
444 1050 552 1131 relego.
1301 1061 1306 1070 ‘

269 1148 365 1226 Atque
403 1146 480 1209 lossa
518 1141 663 1232 (τάφρῳ)
702 1148 821 1228 quidem
854 1155 888 1208 nt
919 1155 1014 1208 eastra
1048 1149 1145 1208 cincta
1177 1156 1207 1208 et
1238 1148 1352 1207 munita

177 1247 321 1323 tingeret,
349 1246 411 1322 ipsa
441 1264 540 1307 rerum
571 1254 674 1306 natura
702 1255 789 1324 poeta
817 1245 1033 1327 adducebatur3
1060 1256 1160 1307 turres
1183 1251 1213 1304 et
1236 1245 1351 1305 moenia

176 1342 280 1402 addita
305 1359 371 1401 esse
395 1351 496 1402 narrat
516 1332 558 1402 'H
576 1339 762 1404 tet-465.
807 1342 914 1404 ltirum
939 1343 994 1404 hoc
1018 1342 1146 1422 quidem,
1171 1342 1352 1421 qnandoqui-

174 1439 247 1499 dem
276 1447 343 1516 post
372 1438 488 1499 felicem
519 1447 657 1499 eventum
684 1439 867 1517 proeliorum
894 1443 983 1519 primi
1011 1441 1084 1520 diei,
1117 1449 1150 1500 nt
1178 1458 1267 1518 supra
1295 1441 1353 1499 iam

177 1537 365 1615 monuimus,
394 1554 453 1596 non
483 1543 690 1614 exspectamus
713 1537 839 1599 Achivos
863 1539 991 1598 firmiora
1016 1537 1164 1616 praesidia
1186 1545 1353 1597 castrorum

179 1632 290 1714 moliri.
307 1693 312 1698 ,,
339 1631 395 1692 Sed
421 1637 536 1694 moenia
560 1634 608 1695 illa
633 1636 718 1712 quasi
741 1635 965 1696 fundamentum
989 1642 1059 1696 sunt
1085 1635 1301 1715 Τειχομαχίας
1324 1644 1354 1693 et

178 1723 303 1808 Μάχης
331 1723 420 1810 παρὰ
448 1731 571 1792 ναυσίν
600 1740 629 1792 et
656 1749 744 1810 saepe
773 1741 1001 1793 commemorata
1025 1733 1148 1792 suntin
1172 1729 1353 1791 carminibus

182 1825 235 1888 15.
262 1821 310 1886 16.
334 1823 387 1887 22.
410 1824 462 1888 23.
486 1825 537 1888 26.
562 1825 613 1889 29.
638 1826 689 1889 34.
713 1827 757 1902 40
781 1825 824 1911 (Θ
844 1828 916 1891 177.
939 1827 1013 1891 213.
1032 1830 1054 1888 Ι
1070 1826 1144 1890 232.
1163 1825 1238 1888 349.
1257 1823 1287 1896 Ξ
1306 1821 1354 1887 15.

181 1923 236 1985 32.
261 1921 312 1984 55.
337 1921 387 1984 66.
413 1924 442 1984 0
464 1921 537 1986 345.
561 1923 635 1988 361.
659 1925 733 1990 384.
757 1925 832 1988 395.
856 1929 892 1989 Π
912 1924 985 1987 512.
1010 1923 1083 1986 558.
1108 1925 1142 1984 Σ
1158 1921 1232 1985 215.
1258 1926 1287 1983 Τ
1302 1920 1354 1983 49.

424 1999 427 2007 a

19 2071 24 2080 .
74 2086 76 2093 p
179 2020 216 2081 n
248 2019 322 2081 443.
354 2014 445 2103 446).
495 2011 533 2082 'Aa
565 2024 596 2081 in
628 2023 693 2083 aliis
726 2022 921 2101 carminibus,
959 2041 1017 2082 non
1050 2021 1146 2082 solum
1179 2039 1254 2099 quae
1288 2027 1355 2079 aute

183 2117 294 2180 librum
323 2121 495 2198 septimum,
524 2119 574 2179 sed
604 2122 692 2180 etiam
720 2139 796 2198 quac
819 2130 886 2198 post
910 2138 977 2180 eum
1001 2119 1141 2180 collocata
1166 2127 1248 2198 sunt,
1276 2116 1355 2177 rrulla

185 2217 336 2276 moenium
364 2217 475 2275 mentio
499 2217 540 2276 tlt.
577 2216 672 2296 Atque
696 2217 836 2296 pleraque
861 2217 989 2298 quidem,
1013 2237 1081 2278 cnm
1106 2214 1356 2278 commemorandi

184 2331 218 2372 ea
244 2311 352 2372 nullam
377 2315 561 2373 occasionem
582 2314 750 2396 praebeant,
775 2317 838 2375 sine
858 2317 1019 2376 ollensione
1038 2315 1191 2396 leguntur3
1215 2312 1265 2374 scd
1286 2319 1357 2372 sunt

184 2409 236 2470 alii
260 2409 329 2491 loci,
356 2413 387 2470 in
417 2410 525 2490 quibus
553 2416 862 2474 commemorationem
887 2417 1036 2474 moenium
1060 2412 1217 2473 admodum
1242 2408 1356 2470 deside·

185 2526 296 2587 remus,
319 2507 385 2568 dico
410 2508 441 2568 A
463 2505 505 2576 47Ι
531 2517 562 2568 et
586 2509 614 2569 O
638 2505 1039 2591 736¹)u11366-370.
1076 2489 1218 2585 inprimit
1234 2505 1357 2565 ultimus

186 2606 269 2664 loeus
297 2607 337 2665 ita
366 2612 554 2684 comparatus
583 2613 641 2684 est,
670 2615 704 2665 ut
730 2610 795 2668 eius
822 2617 988 2687 auctorem,
1022 2609 1047 2666 si
1076 2605 1190 2666 moenia
1218 2604 1358 2680 novisset,

185 2702 409 2781 impedimenta,
434 2702 543 2782 quibus
567 2701 713 2780 rugientes
737 2704 870 2784 Troiani,
896 2722 964 2764 curn
987 2722 1004 2762 c
1028 2700 1151 2763 navibus
1174 2698 1357 2778 depelleren-

187 2811 250 2879 tur,
278 2818 338 2860 non
366 2798 513 2878 implicari
538 2817 598 2859 non
626 2807 777 2879 poterant,
804 2807 1103 2862 commemoraturum
1131 2799 1222 2858 luisse
1253 2797 1358 2856 merito

186 2899 359 2975 suspiceris.
409 2896 552 2957 Achillem
580 2915 698 2976 quoqne
723 2901 877 2976 miramur,
905 2897 984 2977 qnod
1012 2896 1049 2956 de
1078 2896 1201 2956 navibus
1229 2911 1358 2973 pugnam

187 2994 368 3055 Achivorum
396 2996 584 3072 prospexisse
612 2994 722 3055 dicitnr
749 2996 779 3055 Λ
803 2993 877 3056 600.
900 2995 935 3054 Σ
956 2992 984 3055 3.
1011 2992 1088 3074 172,
1112 3004 1260 3072 tamquam
1284 2989 1358 3051 nihil

189 3091 337 3154 obstaculi
360 3093 437 3152 muri
460 3091 614 3152 oculorum
638 3094 715 3154 visui
738 3101 884 3172 pararent

277 3207 298 3284 ξ
322 3205 374 3269 34.
421 3208 525 3288 Lycios
553 3208 628 3269 duos
656 3211 738 3268 novit
765 3207 845 3290 llias,
874 3208 1121 3287 septentrionales
1145 3207 1358 3267 conterminos·

193 3321 251 3382 que
275 3305 424 3384 Troianis,
453 3322 579 3384 qnorum
608 3305 666 3365 dux
691 3305 841 3366 Pandarus
866 3306 935 3384 luit,
963 3313 993 3365 ct
1015 3303 1223 3365 meridionalcs
1245 3302 1360 3382 ingenti

190 3411 341 3464 terrarum
371 3403 465 3481 spatio
490 3420 505 3460 a
529 3399 664 3462 'l'roianis
690 3403 844 3483 discretos,
869 3401 977 3481 quibus
1002 3403 1155 3482 Sarpedon
1178 3411 1208 3462 et
1231 3399 1359 3460 Glaucus

188 3500 408 3578 imperitabant.
461 3497 534 3559 blica
572 3507 618 3558 est
654 3498 727 3558 haec
764 3499 890 3561 duarum
927 3502 1080 3560 nationum
1116 3499 1360 3577 homonymorum

190 3598 362 3658 coniunctio
395 3598 426 3656 in
460 3595 562 3656 eodem
591 3604 740 3674 poemate,
773 3598 947 3676 praesertim
975 3614 1043 3657 cum
1070 3603 1157 3676 poeta
1184 3593 1360 3673 plerumque

190 3695 234 3753 sic
258 3693 410 3773 loquatur,
438 3700 587 3772 nmquam
611 3711 669 3753 una
692 3709 765 3772 gens
791 3695 946 3773 Lyciorum
969 3695 1106 3754 Troianis
1129 3693 1238 3752 sociata
1263 3689 1362 3773 luerit,

190 3789 272 3850 velut
301 3792 331 3849 iu
362 3793 433 3850 trito
461 3809 549 3851 versu
578 3787 686 3870 Τρῶες
712 3785 767 3851 καὶ
792 3785 912 3853 Λύκιοι
940 3786 995 3852 καὶ
1019 3783 1196 3869 Δάρδανοι
1223 3778 1360 3865 ἀγχιμα-

190 3887 291 3968 χηταί
321 3884 362 3966 (Θ
396 3885 469 3950 173.
498 3888 528 3947 Α
555 3885 629 3950 286.
657 3891 696 3950 Ν
723 3886 794 3970 156.
824 3889 852 3948 0
878 3885 953 3950 425.
980 3885 1056 3950 486.
1084 3886 1114 3946 Ρ
1139 3878 1225 3963 184).
1271 3879 1360 3941 lstam

191 4002 262 4045 sero
291 3985 495 4045 confusionem
524 4002 578 4045 cur
606 3984 760 4046 ollensioni
785 4003 849 4045 esse
873 3985 1010 4064 dixerim,
1039 3982 1174 4061 inprimis
1198 3976 1362 4059 intelleges,

191 4141 405 4152 -a-——a—-n——n

284 4231 311 4298 1)
330 4229 390 4283 Hoc
414 4225 527 4298 quidem
552 4227 614 4284 loeo
633 4226 788 4284 scholiasta
806 4226 982 4286 Victorianus
1000 4233 1091 4296 τεῖχος
1110 4219 1208 4292 ἄρειον
1227 4221 1362 4293 interpre-

193 4309 270 4363 tatus
288 4312 333 4362 est
351 4313 441 4377 τεῖχος
461 4305 569 4380 βέλτιον
589 4298 622 4364 οὗ
642 4305 902 4378 κατεσκευάσαμεν·
927 4311 957 4362 at
978 4306 1033 4361 hoc
1050 4305 1117 4358 licet
1135 4300 1276 4372 Vergilius
1295 4318 1362 4372 quo·

194 4405 249 4456 qne
267 4389 337 4442 Aen.
356 4387 395 4440 IX
415 4393 464 4442 '181
485 4387 643 4442 imitatione
662 4389 841 4458 expresserit,
859 4386 972 4456 probari
991 4388 1085 4442 tamen
1104 4382 1203 4451 nequit
1221 4383 1256 4437 ob
1275 4381 1361 4436 alium

195 4465 286 4520 locum
302 4472 328 4519 Δ
342 4471 405 4532 tot,
419 4466 467 4521 ubi
480 4471 570 4535 τεῖχος
579 4461 685 4537 ’Ἀρειον
699 4467 797 4538 procul
811 4466 895 4522 dubio
909 4483 1017 4520 murum
1030 4463 1200 4520 Mavortiam
1216 4459 1362 4532 significat.

249 4563 314 4616 nnn,
326 4565 362 4606 aa.
377 4563 460 4605 ennea
1134 4559 1150 4606 4
