3280 5104
676 385 891 448 ..87-

198 547 311 624 priscae
339 555 370 606 ct
397 548 542 625 genpiuae
571 556 670 626 partes
698 546 837 626 eandem,
866 566 953 626 quam
982 568 1102 611 carmen
1125 553 1365 630 antiquissimum

199 643 251 724 18,
280 645 450 723 opinionem
474 653 650 723 sequuntur.
695 644 772 704 Hinc
794 644 921 724 proiecti
944 655 973 708 et
997 666 1072 726 quae
1095 648 1132 708 de
1156 648 1364 728 chronologico

195 741 299 802 ordine
331 744 362 803 iu
391 743 546 821 superiore
574 745 670 821 capite
698 743 890 821 exposuimus
922 747 1018 805 secuti
1049 745 1141 806 libros
1176 745 1370 808 ΑΓΔΕΧ

195 847 225 898 et
256 837 402 900 librorum
439 841 508 901 BA
522 841 552 901 T
560 840 631 901 ΤΦ
666 849 781 901 veteres
823 849 923 920 partes
960 861 976 902 a
1013 840 1136 920 reliquis
1173 845 1363 926 carminibus,

194 935 303 1015 quibus
332 947 416 999 vetus
444 947 473 1000 et
501 939 625 1018 simplex
653 956 763 1017 corpus
786 937 885 998 lliadis
915 940 1042 1000 inventis
1071 939 1226 1002 moenibus
1254 949 1363 1002 castro-

195 1053 260 1095 rum
294 1045 325 1095 et
357 1035 477 1097 adscitis
507 1036 677 1115 Sarpedone
706 1035 875 1115 Glaucoque
905 1038 994 1097 sociis
1021 1045 1051 1097 et
1079 1039 1190 1098 intexta
1219 1037 1365 1116 legatione

195 1133 307 1212 Ulyssis
344 1143 433 1213 atque
469 1133 568 1194 Aiacis
605 1133 813 1212 amplificatum
851 1142 911 1216 est,
948 1134 1178 1196 discriminanda
1215 1145 1245 1196 et
1283 1155 1365 1216 sepa·

194 1230 285 1291 randa
309 1233 577 1292 esse‘ceusuimus.
616 1230 723 1291 Verum
748 1249 785 1292 ne
809 1231 942 1292 eiusdem
962 1231 1073 1292 larinas
1092 1235 1189 1294 omnia
1208 1233 1266 1312 illa,
1290 1253 1365 1313 quae

193 1347 208 1388 a
230 1337 329 1389 vetere
346 1326 434 1388 iliade
453 1325 642 1409 exclusimus,
662 1331 792 1390 carmina
811 1348 876 1391 esse
897 1348 1097 1410 censeremus,
1116 1335 1363 1394 commentatione

193 1425 229 1486 de
262 1424 542 1504 interpolationibus
570 1425 669 1486 lliadis
702 1444 792 1505 supra
824 1430 882 1490 iam
915 1431 987 1490 satis
1019 1438 1139 1491 cautum
1172 1440 1217 1490 est
1248 1439 1279 1491 et
1306 1430 1363 1491 alio

193 1531 367 1602 argumento
392 1525 489 1584 statim
514 1543 530 1584 a
554 1523 640 1586 nobis
653 1523 822 1606 cavebitur.
860 1525 956 1605 Atque
980 1526 1048 1587 libri
1071 1527 1110 1588 H
1116 1527 1183 1608 ΘΙ,
1206 1545 1281 1606 quos
1306 1547 1364 1589 ono

193 1631 290 1682 tractu
314 1624 494 1702 compositos
518 1631 603 1683 antea
624 1624 823 1704 exposuimus
846 1642 862 1684 a
881 1622 957 1685 libro
977 1625 1020 1686 M
1036 1625 1080 1685 vel
1100 1625 1184 1686 libris
1203 1624 1247 1685 M
1254 1626 1290 1686 N
1297 1622 1365 1694 ΞΟ

192 1721 232 1779 ita
255 1719 406 1802 dillerunt,
431 1727 463 1781 ut
486 1739 545 1782 non
569 1719 664 1781 solum
688 1720 775 1799 longo
798 1722 953 1783 intervallo
971 1729 1048 1802 post,
1071 1722 1122 1784 sed
1143 1725 1232 1783 etiam
1250 1722 1287 1784 ab
1306 1723 1363 1783 alio

191 1825 277 1897 poeta
306 1817 399 1879 additi
426 1837 491 1880 esse
520 1819 683 1880 videantur.
730 1819 862 1880 Primum
886 1839 989 1899 graves
1013 1822 1109 1881 minae
1132 1819 1230 1880 tracis
1252 1840 1363 1900 μενοι-

192 1908 269 1978 vm'ox
294 1909 331 1976 db
354 1909 410 1975 καὶ
434 1906 505 1988 οἶος
519 1906 654 1996 Ἕκτορι
679 1914 850 1999 Πριαμίδῃ
874 1910 1000 1997 ἄμοτον
1023 1915 1170 1998 μεμαῶτι
1195 1909 1362 1997 μάχεσθαι

191 2009 245 2095 (Ν
267 2008 411 2094 itt-80)
440 2015 488 2074 vix
517 2014 577 2075 dici
604 2021 703 2092 potest
726 2031 814 2093 quam
838 2015 973 2076 inficetas
998 2023 1028 2075 et
1051 2013 1179 2075 insulsae
1204 2023 1312 2094 essent,
1336 2016 1362 2075 si

191 2121 275 2173 autea
301 2114 358 2174 iam
381 2111 454 2172 Aiax
478 2110 560 2172 solus
583 2129 652 2172 cum
671 2110 808 2173 llectore·
822 2109 885 2170 solo
910 2129 1015 2172 manus
1038 2113 1226 2173 conseruisse
1250 2118 1280 2170 et
1299 2119 1360 2172 tarx-

191 2219 254 2270 tum
296 2227 355 2269 non
397 2209 542 2270 devicisse
580 2209 677 2270 dictus
715 2219 801 2270 esset
857 2208 968 2270 Deinde
1005 2211 1198 2289 praecipitata
1234 2213 1361 2272 munitio

193 2316 359 2368 castrorum
401 2309 479 2368 intra
517 2309 605 2368 unius
642 2308 702 2368 diei
738 2307 881 2387 spatium,
926 2306 1041 2386 qualem
1078 2309 1109 2368 in
1147 2307 1239 2370 altera
1276 2317 1359 2387 parte

190 2407 309 2483 septimi
332 2404 403 2465 libri
426 2404 533 2466 iactam
556 2404 691 2485 legimus,
714 2403 791 2485 inde,
815 2406 846 2465 ni
869 2406 966 2464 omnia
986 2424 1033 2466 me
1053 2403 1165 2486 lallunt,
1189 2406 1360 2485 explicanda

190 2512 248 2584 est,
282 2503 362 2582 quod
395 2503 518 2564 luerunt
549 2505 602 2582 qui
634 2500 853 2583 Τειχομαχίαν
882 2500 951 2566 libri
980 2503 1129 2563 undecimi
1157 2506 1249 2564 veteri
1278 2503 1361 2564 llicdi

190 2603 331 2662 intextam
360 2609 569 2680 gravarentur,
597 2601 656 2660 nisi
684 2609 768 2661 antea
797 2601 912 2660 moenia
941 2601 1031 2660 invito
1056 2598 1192 2676 Neptuno
1215 2617 1282 2659 esse
1311 2618 1359 2659 ex-

190 2707 302 2761 structa
345 2706 498 2759 narratum
540 2705 628 2759 esset.
679 2695 891 2758 Gravissimum
934 2704 1032 2756 autem
1070 2694 1141 2757 illud
1179 2705 1237 2777 est,
1281 2697 1359 2776 quod

190 2797 291 2858 cadem
312 2796 400 2857 verba
419 2787 482 2858 οὐκ
501 2787 547 2857 ἔτ’
569 2794 693 2874 ἔφαντο
713 2785 871 2874 σχήσεσθ’
894 2783 968 2855 ἀλλ’
990 2788 1025 2854 ἐν
1044 2787 1144 2874 νηυσὶ
1163 2793 1360 2876 μελαίνῃσιν

188 2889 366 2956 πεσέεσθαι
398 2893 485 2954 aliam
519 2891 628 2953 habent
657 2894 715 2952 vim
743 2893 775 2951 in
802 2890 878 2952 libro
908 2892 1064 2953 undecimo
1094 2891 1137 2952 M
1163 2888 1239 2972 107,
1273 2892 1359 2952 aliam

189 2995 218 3053 in
247 2991 323 3052 libro
352 3009 429 3052 nono
457 2991 479 3051 Ι
506 2987 580 3052 235.
626 2988 759 3050 aliamne
793 2988 881 3052 dico?
912 2991 1002 3050 immo
1031 2991 1222 3070 contrariam,
1259 2991 1358 3068 priore

189 3091 266 3150 enim
291 3089 357 3150 loco
381 3088 495 3149 [laneos
519 3107 578 3149 non
603 3090 661 3148 iam
685 3089 842 3148 stationem
865 3105 950 3148 suam
974 3090 1111 3166 luituros,
1134 3087 1186 3147 sed
1210 3087 1358 3166 fugientes

188 3190 218 3250 in
253 3206 342 3248 naves
373 3205 439 3248 sese
467 3189 715 3266 praecipitaturos
743 3185 924 3264 significant,
956 3187 986 3245 in
1014 3182 1106 3244 altero
1135 3183 1279 3246 Troianos
1308 3187 1356 3246 sui

187 3287 276 3346 animi
307 3285 448 3345 lerociam
476 3303 534 3344 uon
562 3286 621 3344 iam
644 3283 842 3362 cohibituros,
876 3281 928 3342 sed
957 3299 1071 3342 summo
1102 3283 1215 3360 impetu
1249 3291 1353 3344 contra

187 3402 275 3444 naves
317 3391 502 3461 proruturos.
512 3375 536 3464 ¹)
591 3381 654 3442 lloc
696 3380 732 3441 ab
773 3380 877 3441 eodem
921 3387 1006 3457 poeta
1048 3380 1238 3439 commissum
1289 3399 1354 3442 esse

187 3483 267 3561 quis,
305 3497 430 3559 quaeso,
466 3478 523 3538 sibi
559 3475 773 3557 persuadebit?
819 3477 965 3557 Equidem
1000 3485 1032 3538 ut
1066 3476 1155 3538 multa
1188 3480 1355 3540 condouem

190 3590 293 3660 poetae
321 3587 352 3640 et
379 3576 546 3656 aequalium
575 3579 684 3638 civium
712 3577 812 3655 lingua
843 3577 937 3636 utenti
965 3583 995 3635 et
1022 3593 1058 3634 ex
1086 3584 1200 3636 remota
1224 3580 1358 3638 oratione

191 3680 386 3740 vetustiorum
411 3683 508 3736 vatum
532 3693 592 3735 non
617 3674 695 3736 nulla
719 3673 859 3752 trahenti,
882 3680 992 3732 tantam
1011 3680 1110 3733 tamen
1130 3658 1357 3737 inconstantiam

189 3798 225 3839 ue
250 3776 399 3836 levissimo
424 3774 543 3852 quidem
567 3775 707 3852 scriptori
730 3775 863 3851 irrogare
887 3771 990 3830 ausim.
1032 3769 1095 3840 Oua
1119 3771 1155 3830 de
1179 3791 1266 3832 causa
1290 3789 1357 3832 ctvm

189 3874 281 3935 libros
309 3873 347 3933 H
353 3872 413 3932 ul
442 3891 458 3930 a
491 3871 576 3932 libris
603 3869 688 3930 MN
718 3871 885 3930 necessario
913 3867 1093 3946 separandos
1120 3887 1185 3928 esse
1215 3868 1361 3952 duxerim,

188 3973 286 4033 omnia
314 3971 459 4049 carmina,
486 3970 516 4027 iu
545 3967 654 4047 quibus
682 3967 861 4046 Sarpedonis
889 3973 919 4026 et
942 3965 1046 4026 Glauci
1073 3967 1230 4045 Lyciorum
1258 3975 1358 4044 partes

189 4091 401 4102 ....-..-..-.---

280 4154 304 4220 1)
324 4149 417 4204 Dubis
434 4150 478 4204 est
495 4147 538 4204 vis
556 4147 656 4202 horum
676 4147 822 4202 verborum
840 4145 870 4200 iu
889 4145 972 4201 tertio
991 4146 1054 4200 loco
1075 4149 1096 4198 P
1113 4151 1163 4199 637
1179 4162 1240 4213 sqq.

970 4220 1032 4279 οόδ’
1055 4221 1095 4278 ἔτι
1113 4224 1202 4290 φασιν

376 4301 512 4377 Ἕκτορος
529 4301 724 4377 ἀνδροφόνοιο
743 4305 827 4376 piros
844 4304 894 4358 καὶ
913 4311 1008 4374 χεῖρας
1025 4298 1153 4364 ἀάπτους

383 4381 529 4456 σχήσεσθ’,
549 4381 611 4442 eitt’
632 4382 665 4442 dr
682 4385 765 4456 νηυσὶ
783 4387 951 4456 μελαίνῃσιν
967 4381 1136 4449 πεσέεσθαι,

189 4470 321 4540 quonism
341 4484 443 4523 nomen
461 4460 689 4537 μένοςἝιιιοοος
707 4469 736 4521 et
750 4465 870 4522 subiecti
884 4468 914 4520 et
927 4461 1030 4533 objecti
1044 4461 1101 4516 vim
1114 4461 1242 4518 obtinere
1257 4467 1356 4534 potest.
