3280 5104
726 317 968 381 -134-

264 485 318 544 tim
337 484 362 543 si
381 483 472 542 certis
490 499 629 542 versuum
649 478 789 541 clausulis
808 481 940 541 inclusae
959 483 1078 562 fuerint,
1099 483 1242 562 usquead
1258 486 1434 562 scriptorem

265 581 335 641 belli
363 578 482 640 Troiani
514 596 569 657 par
599 579 696 638 varios
724 577 835 639 rivulos
863 579 984 638 fluxisse
1012 578 1174 659 putemus?
1218 581 1350 661 Denique
1379 581 1436 642 boc

235 697 385 772 'quoque
408 679 439 738 in
463 676 601 758 siugulis,
629 695 704 755 quae
728 679 795 750 iam,
809 677 1041 758 recensebimus,
1066 679 1169 739 formis
1193 682 1301 740 veteris
1324 682 1436 759 graeci·

267 779 335 839 tatis
364 776 567 856 quaerendum
595 777 665 856 crit,
693 783 795 835 utrum
818 793 942 854 prorsus
966 775 1031 836 illae
1055 779 1112 836 iam
1137 795 1172 836 ex
1196 777 1275 856 vulgi
1299 795 1436 838 sermone

266 875 448 954 disparuisse
485 892 522 933 an
560 875 713 933 etiamtum
751 875 782 932 in
821 891 873 934 ore
911 893 1016 936 senum
1057 885 1230 936 senescente
1270 878 1328 936 vita
1365 895 1437 936 usae

266 993 332 1036 esse
366 971 529 1032 videantur.
576 969 657 1031 lianc
690 978 788 1031 autern
822 989 885 1032 rem
919 979 951 1034 ut
983 991 1135 1052 eruamus,
1173 993 1261 1052 quam
1297 974 1438 1053 frequens

267 1075 413 1150 cuiusque
446 1069 557 1129 formae
590 1086 663 1129 usus
696 1071 735 1129 sit
767 1075 797 1128 et
825 1085 913 1147 quam
941 1069 999 1130 late
1028 1088 1163 1150 quaeque
1191 1071 1306 1133 radices
1335 1073 1439 1152 egerit,

267 1168 437 1248 singillatim
461 1165 702 1227 examinabimus,
740 1164 792 1226 Vix
817 1168 895 1226 enim
920 1167 991 1228 alias
1010 1170 1041 1229 in
1059 1169 1114 1230 hac
1134 1188 1166 1230 rc
1185 1169 1333 1248 Vergilius
1351 1189 1438 1248 quam

267 1269 415 1330 llomerus
447 1267 578 1326 rationes
610 1271 732 1324 secutus
760 1271 818 1343 est,
851 1272 885 1323 ut
913 1283 988 1343 quae
1015 1285 1141 1344 prorsus
1168 1270 1227 1328 iam
1255 1266 1440 1328 oblitteratae

269 1374 369 1428 esseut
393 1365 513 1442 formae,
537 1380 586 1422 eas
610 1380 676 1422 raro
701 1360 855 1420 adhiberet
879 1380 976 1442 neque
991 1369 1083 1424 'extra
1107 1369 1204 1426 certas
1227 1385 1331 1427 versus
1355 1365 1442 1448 sedes

270 1482 379 1544 ponere
403 1462 540 1523 auderet.-

358 1561 378 1638 ς
404 1557 454 1621 te.
500 1558 675 1619 Genetivum
700 1560 773 1638 sing.
799 1576 857 1619 sec.
881 1558 954 1620 decl.
979 1561 1009 1620 in
1035 1580 1086 1622 οιο
1110 1561 1302 1622 thessalicum
1327 1569 1443 1622 veteres

270 1660 453 1740 grammatici
481 1655 671 1718 Aristarchus
679 1651 703 1735 ¹)
732 1655 905 1735 Apollonius
933 1657 1120 1720 Herodianus
1148 1667 1335 1740 nuncupant,
1363 1657 1442 1738 quod

271 1778 341 1819 num
366 1758 471 1818 merito
495 1755 630 1833 fecerint,
654 1761 724 1812 sunt
748 1756 799 1832 qui
823 1754 967 1815 dubitent.
1010 1755 1075 1834 lpsa
1099 1759 1178 1818 cuim
1201 1757 1249 1817 illa
1274 1757 1444 1818 terminatio

271 1865 479 1936 praeterquam
502 1851 579 1931 apud
603 1851 765 1913 Homerum
789 1856 913 1932 eiusque
938 1856 1081 1914 orationis
1105 1857 1269 1916 imitatores
1292 1873 1389 1934 neque
1413 1856 1444 1914 in

271 1951 423 2014 Thessalia
449 1969 547 2030 neque
577 1951 703 2028 usquam
730 1954 863 2029 gentium
893 1953 1056 2031 invenitur,
1086 1961 1116 2013 et
1144 1955 1194 2031 qui
1221 1955 1252 2013 in
1279 1951 1446 2012 thessalicis

272 2051 419 2132 lapidibus
450 2057 568 2110 exstant
600 2049 730 2126 genetivi
762 2050 792 2108 in
827 2069 871 2129 οι,
909 2057 1010 2109 utrum
1043 2067 1078 2109 ex
1112 2069 1164 2111 οιο
1197 2048 1310 2111 abiecta
1343 2050 1446 2110 ultima

274 2150 366 2212 vocali
402 2167 440 2209 an
476 2147 533 2208 alio
569 2145 656 2205 modo
695 2147 757 2206 nati
789 2149 862 2227 sint,
895 2154 1044 2207 nostrates
1077 2150 1261 2226 grammatici
1293 2139 1447 2230 litigant.²)

274 2248 394 2308 llomeri
422 2253 521 2306 autem
550 2245 581 2302 in
609 2241 792 2304 carminibus
819 2247 948 2322 genetivi
971 2246 1001 2306 in
1026 2265 1077 2308 οιο
1102 2245 1277 2306 creberrimi
1301 2253 1385 2324 suut,
1407 2247 1448 2304 ita

274 2355 307 2406 ut
335 2343 520 2422 frequentiae
549 2342 754 2420 genetirorum
783 2341 947 2420 vulgarium
975 2345 1006 2404 in
1036 2363 1077 2405 oo
1100 2363 1159 2404 non
1182 2343 1309 2406 multum
1333 2343 1447 2404 cedant.

274 2442 372 2504 Nihilo
400 2443 499 2502 minus
527 2439 663 2498 homines
691 2447 755 2500 tum
784 2441 840 2500 iam
871 2439 996 2500 desiisse
1025 2439 1083 2501 illis
1105 2442 1250 2520 genetiuis
1274 2444 1318 2502 uti
1342 2450 1392 2502 aut
1416 2444 1447 2501 in

275 2562 310 2602 eo
341 2549 373 2601 ut
396 2541 568 2600 desinerent
592 2537 693 2616 fuisse,
718 2536 786 2596 inde
811 2546 913 2598 nostro
937 2539 1003 2598 iure
1027 2538 1202 2620 colligimus,
1226 2539 1303 2618 quod
1327 2538 1448 2618 plurimi

274 2641 403 2719 genetivi
430 2639 517 2696 istius
546 2637 664 2712 generis
693 2635 784 2726 certis
813 2653 916 2696 versus
945 2636 1078 2716 sedibuS,
1107 2646 1174 2697 ante
1203 2655 1358 2698 caesuram
1381 2639 1449 2700 dico

275 2745 305 2798 et
327 2739 358 2797 in
382 2733 513 2795 clausula
538 2750 641 2792 versus
665 2733 770 2810 quinto
794 2733 840 2792 rel
863 2741 946 2794 sexto
965 2735 1040 2813 pedo
1059 2737 1260 2816 inveniuntur,
1280 2735 1360 2796 velut

320 2829 475 2913 ἐκπέρσαι
500 2823 670 2910 Πριάμοιο
689 2822 788 2891 πόλιν
811 2824 867 2890 καὶ
889 2822 1019 2894 fofuod’
1047 2827 1183 2894 ἱκέσθαι
1203 2827 1250 2913 (A
1276 2828 1344 2915 19)·

321 2930 405 2993 ἔνθα
428 2918 539 3003 καθϊζ’
560 2918 677 3007 Ἑλένη
701 2920 807 3010 κούρη
832 2920 916 3002 Διὸς
939 2920 1104 3009 αἰγιόχοιο
1128 2925 1177 3012 (Γ
1193 2927 1286 3008 426)·

321 3021 402 3090 ἄλλο
428 3019 460 3088 d’
487 3019 538 3087 ἐνὶ
561 3016 720 3110 προδόμῳ
744 3019 897 3109 πρόσθεν
920 3020 1089 3108 θαλάμοιο
1112 3019 1255 3110 θυράων
1280 3022 1317 3108 (Ι
1334 3021 1424 3110 4ἵ3).

277 3125 376 3198 Quint
409 3125 488 3205 quod
522 3122 730 3184 nonnullorum
766 3123 975 3185 vocabulorum
1010 3125 1088 3204 vulgi
1121 3144 1178 3186 usu
1208 3143 1296 3204 quam
1324 3126 1450 3186 maxime

280 3226 431 3305 tritorum,
456 3233 489 3284 ut
511 3224 721 3302 pronominum
747 3205 788 3282 οὗ
812 3221 926 3284 κείνου
948 3214 1071 3284 reiron
1093 3220 1209 3303 rodda,
1233 3240 1359 3304 prorsus
1378 3224 1452 3286 nulli

278 3325 407 3404 genetivi
431 3325 461 3382 in
486 3340 537 3382 οιο
561 3320 701 3380 feruntur
725 3328 754 3380 et
777 3328 864 3399 poeta
889 3322 922 3382 Δ
947 3318 987 3381 l'l

323 3412 494 3500 λαμπρόν·
517 3415 578 3479 τοῦ
602 3414 642 3479 de'
662 3437 697 3478 τε
721 3411 841 3478 πολλοὶ
865 3408 931 3478 ἀπὸ
955 3413 1140 3497 σπινθῆρες
1161 3414 1268 3478 ἰἐνται

279 3516 440 3598 particulas
468 3515 620 3576 cumulare
649 3533 738 3593 quam
766 3517 886 3594 antiqua
914 3516 970 3576 ista
999 3517 1092 3576 forma
1116 3516 1160 3576 uti
1185 3514 1296 3577 maluit.
1342 3481 1453 3578 Tamen

281 3634 353 3678 usus
382 3614 586 3693 genetivorum
616 3614 645 3671 in
675 3617 726 3673 οιό
756 3613 941 3692 frequentior
969 3623 1015 3674 cst
1038 3620 1067 3673 et
1090 3613 1179 3674 latius
1202 3622 1283 3693 patet
1307 3635 1395 3695 (quam
1420 3627 1454 3676 ut

280 3713 426 3774 Lashieno
455 3706 568 3793 (Jahrb.
593 3708 611 3768 f.
635 3707 708 3770 Phil.
733 3707 789 3791 95,
816 3705 848 3792 1)
873 3729 997 3790 prorsus
1020 3719 1084 3772 turn
1104 3729 1154 3772 eos
1178 3731 1194 3772 e
1218 3713 1366 3775 cotidiano
1390 3733 1451 3775 ser·

372 3922 397 3989 1)
421 3917 598 3973 Aristarchus
636 3916 734 3970 auctor
770 3916 847 3971 illius
881 3918 1038 3972 sententiae
1069 3919 1202 3976 laudatur
1233 3920 1269 3974 eb
1302 3921 1453 3991 Apollonio

283 4001 417 4072 Dyscol03
447 3999 554 4066 reliqua
581 3995 745 4051 testimonis
772 3997 891 4052 collecto
913 3996 999 4052 habes
1023 3998 1097 4068 apud
1121 3999 1371 4070 librans-Meister,
1400 4001 1453 4055 Die

282 4082 385 4152 grieeb.
406 4079 477 4133 Diei.
499 4076 512 4130 Ι
530 4083 582 4132 305
602 4079 634 4132 Α.
655 4083 683 4145 ¹3
708 4075 831 4130 aeolicos
851 4075 932 4130 eudit
949 4077 1095 4146 genetivus
1115 4073 1210 4134 νειοῖο
1229 4079 1258 4134 in
1277 4080 1321 4135 st.
1341 4079 1410 4135 Gud.
1431 4099 1453 4135 s.

282 4181 306 4216 v.
326 4179 418 4223 νετος.

370 4251 399 4317 2)
418 4248 490 4302 Vide
504 4247 631 4318 Lugebil‚
650 4246 707 4302 Der
721 4243 839 4300 Genetiv
855 4243 1010 4314 Singularis
1024 4246 1053 4301 in
1067 4248 1118 4303 dar
1130 4251 1322 4318 sogenannten
1336 4247 1453 4305 aweiten

283 4328 520 4398 eltgriachisohen
539 4326 725 4398 Declination,
744 4326 774 4381 in
792 4326 863 4380 bun.
882 4323 952 4394 phil.
972 4327 1062 4396 suppl.
1083 4328 1133 4382 XII
1152 4347 1178 4398 p.
1199 4336 1260 4399 211,
1279 4329 1331 4384 Gn.
1351 4329 1454 4404 Meyer,

284 4408 329 4463 Gr.
350 4409 396 4464 Gr.
416 4425 442 4477 p.
463 4413 528 4476 est,
552 4407 645 4462 Herm.
672 4423 726 4461 von
751 4406 800 4461 der
820 4403 965 4474 Pfordten,
990 4406 1024 4460 do
1044 4404 1165 4463 dialecto
1184 4406 1347 4463 Thessalico
1363 4427 1391 4479 p.
1410 4413 1455 4462 ts.
