3306 5070
734 324 969 388 -184-

270 489 419 550 diductam
443 490 566 548 lormem
592 487 644 548 ἒεν
669 487 796 547 Homero
821 486 982 548 reddentes
1006 485 1260 564 reprehendamus
1283 495 1335 547 aut
1359 489 1446 566 sequi

271 606 330 648 uon
358 587 526 647 audeamus.
572 587 669 665 neque
697 594 813 646 certum
842 587 956 664 priscae
984 583 1028 645 illi
1050 585 1162 646 lormac
1187 585 1367 664 praesidium
1392 603 1445 644 nu-

271 703 421 746 merorum
444 683 560 763 legibus
583 692 720 762 paratum
744 691 790 744 est
812 685 844 744 iu
869 683 1013 763 versibus,
1038 682 1140 762 quales
1151 683 1235 744 'suut

315 772 448 861 ἤκιστος
459 772 489 840 d'
503 779 556 841 ἔεν
567 766 626 862 (ἦν
635 776 734 860 codd.)
744 771 844 854 αὐτὸς
854 772 1035 862 ἐλαυνέμεν
1047 771 1151 854 ὠκέας
1161 778 1282 854 ἵππους
1293 777 1348 862 (Ψ
1356 777 1444 860 531).

316 871 479 959 Εὔφημος
502 869 534 940 d’
562 870 664 960 ἀρχὸς
687 871 844 940 Κικόνων
869 877 921 940 ἒεν
945 869 1138 959 αἰχμητάων
1161 874 1205 962 (Β
1228 874 1321 960 846),

273 987 303 1037 et
323 977 351 1036 Z
372 973 422 1036 14.
441 976 477 1035 Ν
493 974 569 1038 428.
583 973 657 1038 512.
675 975 787 1044 Ρ464.
825 977 932 1038 Verum
953 997 1021 1038 cum
1040 985 1192 1038 contracta
1212 980 1303 1038 torma
1323 962 1367 1057 ἦν
1386 994 1444 1036 non

250 1065 375 1154 'petreis
399 1075 472 1135 locis
496 1068 544 1157 (A
567 1072 640 1135 211.
664 1075 695 1134 Ε
717 1071 747 1135 9.
771 1074 797 1134 Ζ
823 1072 894 1136 140.
917 1076 946 1136 Θ
969 1073 1021 1136 66.
1045 1074 1079 1135 Κ
1094 1073 1168 1136 314.
1192 1073 1293 1136 Α’84.
1317 1075 1354 1135 Ν
1370 1071 1446 1151 663,

275 1175 304 1235 O
332 1171 405 1234 699.
434 1173 471 1232 Π
497 1169 548 1232 60.
577 1172 611 1230 Σ
636 1169 710 1232 460.
743 1173 780 1232 Ψ
802 1169 884 1234 670.
901 1169 921 1256 .)
945 1181 1041 1234 metro
1066 1173 1179 1234 lirmata
1204 1173 1252 1252 sit,
1276 1172 1392 1250 longius
1415 1173 1446 1231 in

274 1270 458 1332 emendando
486 1269 648 1347 procedere
678 1269 774 1351 nolui,
806 1275 940 1350 quamvis
968 1289 1143 1350 persuasum
1173 1270 1247 1330 mihi
1275 1272 1314 1331 sit
1341 1269 1447 1330 llome-

276 1387 342 1430 rum
373 1371 460 1428 etiem
494 1369 524 1427 in
559 1375 664 1446 quarto
698 1368 773 1447 pede
806 1388 879 1458 non·
898 1355 957 1448 ἦν,
990 1369 1041 1428 sed
1075 1367 1128 1429 ἕεν
1157 1370 1350 1447 pronuntiare
1378 1386 1448 1427 con·

276 1485 387 1527 suesse.
434 1465 576 1525 Similiter
613 1465 750 1526 codicum
788 1465 945 1527 lectionem
983 1464 1056 1546 έην,
1091 1466 1127 1527 de
1165 1485 1222 1546 qua
1260 1468 1337 1526 iuter
1370 1468 1449 1526 viros

277 1565 380 1625 doctos
412 1582 496 1625 acres
529 1563 596 1624 lites
630 1573 820 1644 exarserunt,
852 1567 992 1624 intactam
1021 1563 1140 1642 reliqui,
1173 1563 1243 1624 licet
1271 1562 1357 1642 longe
1384 1562 1449 1642 plu-

278 1661 362 1724 rimis
399 1662 472 1722 locis
504 1663 632 1740 genuina
666 1663 759 1722 lorma
794 1661 847 1723 ἐεν
880 1661 963 1722 1εο11ε
997 1664 1115 1722 restitui
1148 1664 1249 1740 possit.
1300 1661 1449 1739 Odysseae

278 1761 397 1841 quidem
426 1771 487 1820 tres
515 1759 572 1820 loci
599 1778 617 1819 τ
645 1757 719 1821 283.
748 1769 773 1834 ιγ
801 1757 875 1821 316.
899 1779 925 1820 ω
949 1757 1013 1820 343
1046 1759 1170 1820 lormam
1197 1751 1268 1838 r'yqv
1300 1757 1451 1837 exhibent,

278 1877 353 1938 quae
382 1869 415 1919 ut
443 1856 536 1918 vocali
563 1876 584 1936 η
614 1857 686 1916 laiso
715 1857 833 1918 diducta
863 1865 928 1918 orta
957 1866 1015 1937 est,
1048 1859 1088 1917 ita
1117 1857 1227 1918 formae
1256 1855 1330 1937 ἔην,
1363 1857 1450 1916 cuius

279 1956 384 2017 similis
412 1963 457 2016 est
485 1957 583 2035 origo,
616 1957 797 2034 patrocinari
825 1954 958 2016 videtum
999 1954 1175 2016 Recentiors
1204 1955 1322 2034 quidem
1352 1953 1452 2014 iliadis

279 2057 408 2115 carmina
433 2061 463 2114 et
486 2051 616 2132 Odyssea
640 2070 698 2112 uon
723 2052 818 2113 solum
842 2055 873 2113 in
896 2071 1018 2114 caesura
1039 2052 1084 2126 (Κ
1104 2049 1177 2114 351.
1197 2053 1229 2112 Χ
1244 2049 1318 2114 410.
1338 2073 1358 2131 γ
1383 2049 1452 2112 180.

279 2171 297 2212 τ
316 2149 389 2213 530.
409 2171 428 2230 χ
445 2147 497 2211 25.
517 2170 544 2211 ω
566 2143 652 2231 104),
675 2150 726 2210 sed
751 2152 839 2211 etiam
863 2153 893 2212 in
917 2153 1027 2211 ceteris
1050 2168 1153 2210 versus
1177 2149 1300 2211 sedibus
1319 2143 1363 2230 (Β
1378 2146 1452 2210 687.
1518 2217 1523 2223 ,

281 2250 314 2309 Ω
342 2245 417 2309 630.
445 2245 465 2308 (1
493 2244 567 2308 248.
597 2267 614 2307 o
643 2242 724 2330 361)
752 2251 856 2327 utique
885 2251 914 2310 in
943 2250 1004 2309 arsi
1033 2255 1100 2307 ante
1124 2247 1254 2308 vocalem
1278 2246 1451 2326 productam

281 2347 402 2408 alteram
436 2344 574 2424 syllabam
605 2344 686 2405 verbi
714 2343 768 2406 έεν
797 2344 842 2405 vel
870 2345 928 2425 ἔην
956 2344 1112 2425 praehcnt3
1146 2345 1210 2406 vide
1240 2344 1341 2405 llartcl
1368 2343 1453 2404 Hom.

282 2443 365 2505 Stud.
390 2437 495 2504 1²67.

372 2542 483 2602 Similis
506 2549 552 2600 est.
572 2543 648 2602 ratio
667 2543 809 2620 temporis
829 2540 1113 2620 plusqusnaperlecti
1131 2542 1227 2614 activi,
1250 2547 1353 2619 utpote
1373 2539 1452 2618 quod

283 2641 398 2702 adiecto
427 2639 600 2718 imperfecto
629 2637 713 2698 verbi
736 2637 794 2700 έσα
818 2646 917 2698 ortum
941 2655 1006 2698 esse
1030 2647 1155 2699 constet.
1193 2637 1251 2699 Sed
1276 2655 1454 2717 quamquam

283 2738 360 2798 haud
390 2755 456 2797 raro
485 2737 623 2797 diductae
652 2737 762 2798 lormae
790 2729 872 2819 ᾔδεα
899 2728 976 2818 ᾔδεε
1005 2727 1138 2815 ἠνώγεα
1162 2738 1193 2796 in
1216 2735 1370 2797 codicibus
1394 2752 1454 2794 ser-

284 2843 366 2896 vatae
395 2843 476 2912 sunt,
505 2842 603 2895 tamen
631 2842 782 2895 contracta
812 2835 903 2894 lorma
932 2826 997 2915 ᾔδη
1023 2830 1083 2910 (vel
1105 2828 1216 2917 seton)
1239 2828 1371 2913 βεβήκει
1396 2843 1454 2892 tam

284 2950 371 3011 saepe
400 2940 495 2992 metro
524 2933 696 2993 conllrmata
725 2942 783 3014 est,
812 2939 845 2992 ut
874 2935 1049 2993 temerarius
1072 2940 1152 2992 esset
1176 2934 1228 3011 qui
1252 2932 1361 3010 ubique
1385 2949 1456 2991 con-

285 3039 394 3092 tractas
419 3031 528 3089 lormas
551 3032 723 3090 coniectura
747 3048 933 3090 summovere
958 3029 1053 3090 vellet.
1245 3091 1248 3100 ,

373 3125 393 3202 ᾗ
420 3123 492 3188 112.
538 3126 580 3187 Ad
609 3137 793 3206 postremum
822 3129 1049 3187 inconstantiam
1073 3126 1270 3187 excusandam
1295 3127 1457 3187 mihiesse

286 3224 371 3286 video
399 3243 458 3285 non
487 3243 595 3305 meam,
625 3226 677 3286 sed
711 3225 854 3306 librorum
889 3228 918 3286 in
952 3223 1118 3285 scribendis
1150 3224 1254 3284 lormis
1286 3226 1457 3284 contractis.

286 3321 411 3384 Multum
436 3324 514 3382 enim
538 3322 652 3384 librarii
671 3324 863 3402 lluctuarunt‚
886 3330 987 3383 utrum
1008 3322 1123 3382 vocales
1143 3325 1267 3401 synizesi
1288 3320 1459 3382 conflandos

287 3423 417 3500 integras
433 3429 594 3500 servarent,
605 3439 640 3480 an
657 3424 687 3482 in
702 3421 918 3501 diphthongum
929 3426 1097 3480 contractas
1108 3420 1288 3499 scriberent3
1304 3419 1382 3480 unde
1394 3418 1460 3479 aliis

286 3519 360 3579 locis
393 3511 549 3578 θεοειδέα
578 3513 752 3599 Διομήδεα
786 3511 888 3580 σάκεα
921 3508 1056 3590 ἀσινέας
1086 3511 1252 3599 ἐπόρθεον
1280 3509 1459 3596 ἐθρήνεον,

288 3616 353 3676 aliis
389 3607 509 3695 τεμένη
547 3614 718 3696 αἰνοπαθῆ
751 3609 850 3696 τεύχη
888 3623 1116 3694 πρωτοπαγεῖς
1152 3611 1302 3695 ἐναργεῖς
1336 3604 1461 3675 ἀύτευν

286 3710 483 3792 φιλεῦντας,
518 3713 590 3790 quin
624 3713 712 3772 etiam
745 3703 969 3793 ἀνερρίπτουν
1002 3709 1036 3794 (ρ
1066 3710 1124 3795 78)
1158 3713 1276 3774 codices
1309 3711 1461 3773 exhibent.

286 3808 386 3883 Quid?
410 3810 488 3889 quod
513 3809 617 3869 eodem
642 3809 706 3871 loco
730 3811 779 3871 alii
803 3810 871 3871 libri
894 3819 1084 3891 contractam,
1113 3811 1162 3871 alii
1186 3810 1312 3872 solutam
1336 3809 1460 3870 lormam

287 3909 437 3987 exhibent,
460 3916 495 3969 ut
519 3909 550 3966 A
574 3905 647 3970 388.
671 3908 711 3969 H
719 3905 803 3972 207.
831 3909 871 3969 Μ
885 3905 959 3970 283.
979 3909 1008 3968 Ρ
1023 3906 1073 3970 86.
1096 3909 1127 3968 Φ
1147 3905 1222 3969 241.
1242 3907 1274 3968 Ω
1292 3905 1367 3970 483.
1384 3906 1406 3988 β
1425 3905 1461 3987 55

287 4010 322 4070 cl.
351 4005 520 4084 ta-Roche,
548 4003 631 4066 Hom.
656 4006 723 4068 Unt
751 4026 779 4086 p.
804 4004 877 4068 146.
923 4005 1069 4085 Equidem
1097 4005 1212 4066 vocales
1240 4007 1372 4084 integras
1400 4023 1461 4065 ser·

288 4107 375 4168 vaddi
399 4122 512 4164 morem
536 4105 735 4184 antiquiorem
758 4115 788 4166 et
811 4107 965 4165 iustiorem
986 4104 1157 4184 essedum,
1181 4105 1250 4182 quia
1268 4111 1299 4162 et
1317 4102 1462 4181 gradatim

288 4206 387 4284 lingua
411 4221 426 4280 a
451 4199 580 4261 diductis
605 4202 754 4264 vocalibus
774 4202 811 4264 ad
830 4203 986 4283 synizesin,
1009 4202 1151 4280 deinceps
1170 4201 1206 4261 sd
1227 4203 1461 4262 contractionem

289 4319 446 4384 progressa
479 4315 545 4358 osse
574 4301 691 4362 videtur
720 4311 749 4363 et
777 4304 808 4362 in
836 4301 943 4361 ionicis
971 4318 1091 4379 quoquc
1119 4299 1214 4360 titulis
1237 4298 1298 4358 EO
1325 4315 1379 4377 pro
1405 4297 1466 4357 ΕΤ

290 4409 442 4462 exaratum
471 4401 651 4479 invenimus;
680 4400 717 4462 cl.
746 4399 866 4460 llcnner
895 4400 925 4458 in
956 4397 1038 4458 Curi.
1067 4391 1462 4458 Stud.11'l9etErmou
