3280 5104
676 397 918 460 —123-

209 559 376 637 ambiguam
400 559 538 640 syllabam
563 562 693 641 priorem
717 561 845 621 nominis
867 551 949 634 ἅδος
968 562 1119 640 corripere
1144 580 1231 640 quam
1252 550 1379 620 vocalem

208 678 230 717 α
254 659 383 718 ιιοιοίιιὶο
405 650 515 738 μακρά
538 657 649 718 elidere
672 657 797 718 mallem.

300 753 432 835 lienique
456 758 486 816 iu
510 757 567 816 line
592 774 695 816 versus
718 754 880 816 Homerum
903 756 1019 834 plenam
1043 755 1181 836 syllabam
1205 756 1381 834 longamque

209 853 340 914 vocalem
363 853 514 914 adamasse
533 871 642 934 easque
662 853 789 934 syllabae
812 856 842 915 iu
866 854 985 916 brevem
1005 853 1135 914 vocalem
1155 856 1274 915 exeunti
1298 871 1380 932 prae-

210 951 315 1012 tulisse
339 950 464 1012 Woltius
486 950 673 1013 Hermannus
696 951 850 1014 llekkerus
878 960 959 1014 reete
987 955 1116 1013 sensisse
1145 953 1294 1032 videntum
1323 969 1380 1029 qua

209 1051 248 1111 de
275 1069 365 1110 causa
391 1071 412 1110 ν
441 1041 678 1129 ἐφελκυστικὸν
705 1068 824 1130 semper
851 1051 908 1112 boo
934 1051 1000 1112 loco
1028 1051 1128 1112 addidi
1151 1069 1248 1129 neque
1271 1048 1381 1109 discre-

208 1151 327 1228 pautias
350 1148 499 1228 codicum,
524 1146 633 1227 quibus
656 1149 687 1208 in
711 1147 765 1209 bac
789 1167 907 1228 quoque
930 1167 963 1210 re
986 1148 1150 1209 Laroebius
1174 1167 1272 1228 meus,
1298 1145 1381 1207 llom.

210 1245 279 1306 Unt.
299 1265 326 1326 p.
345 1243 409 1308 160
423 1264 486 1325 sqq.
511 1247 652 1305 maiorem
677 1263 765 1325 quam
782 1265 842 1324 par
864 1247 921 1307 luit
943 1249 1151 1307 auctoritatem
1176 1245 1288 1326 tribuit,
1312 1266 1379 1306 euo-
1440 1269 1444 1280 ·

210 1353 275 1404 tare
298 1361 406 1422 operae
434 1345 563 1424 pretium
588 1361 654 1403 esse
677 1343 757 1404 duxi.
802 1343 835 1404 lu
859 1344 924 1405 aliis
947 1363 1066 1424 quoque
1091 1344 1193 1425 rebus,
1222 1343 1380 1404 dummodo

210 1461 280 1522 pars
313 1441 449 1502 codicum
481 1459 590 1500 ususve
623 1440 741 1502 dicendi
773 1441 937 1523 addiceret,
968 1443 1070 1523 plenas
1103 1443 1213 1504 lormas
1246 1440 1382 1524 praetuli,

210 1539 292 1602 velut
315 1540 342 1599 B
366 1536 440 1600 371.
465 1539 501 1598 Π
520 1535 594 1600 587.
620 1540 650 1598 Y
669 1535 734 1600 478
1229 1573 1246 1600 ι

255 1635 292 1698 αἲ
304 1628 367 1717 γὰρ
383 1633 448 1696 Ζεῦ
462 1655 498 1696 τε
512 1629 614 1718 πάτερ
627 1630 683 1697 καὶ
695 1628 856 1718 Ἀθηναίη
870 1632 926 1698 καὶ
937 1629 1107 1700 Ἀπόλλων
1121 1630 1304 1720 (Ἄπολλον
1318 1633 1380 1716 al.)·

255 1725 379 1814 αὐχένα
403 1731 580 1818 χερμαδίῳ,
604 1729 703 1814 ῥῆξεν
727 1726 759 1795 d’
785 1724 850 1796 ἆτιὸ
873 1743 946 1797 τοῖο
969 1731 1126 1808 τένοντας
1149 1730 1295 1816 (τένοντε
1318 1731 1381 1818 εΙ.)’

255 1829 469 1892 Δευκαλίωνα
488 1820 520 1890 d’
542 1822 662 1910 ἔπειθ’,
682 1827 739 1892 ἵνα
753 1851 787 1893 τε
806 1827 980 1914 ξυνέχουσι
994 1828 1145 1906 τένοντες
1160 1827 1307 1914 (τένοντε
1322 1826 1381 1912 al).

300 1929 380 1989 ldem
400 1937 497 1988 mmen
518 1928 582 1988 aliis
601 1929 674 1989 locis
694 1923 740 2009 (Ε
753 1927 826 1990 307.
842 1932 876 1992 K
893 1929 967 1992 456.
981 1925 1103 2010 aloc)
1118 1931 1234 1992 dualem
1248 1926 1380 1991 τένοντε

210 2034 313 2088 eontra
342 2045 522 2087 consensum
550 2026 692 2087 librorum
722 2045 873 2088 removero
903 2028 1047 2110 dubitavi,
1076 2031 1209 2109 quamvis
1238 2027 1381 2089 Cobetnm

209 2134 386 2205 ceterosque
419 2124 568 2202 analogiae
599 2132 761 2186 sectatores
794 2125 866 2186 mibi
898 2127 973 2188 banc
1006 2128 1233 2188 inconstantiam
1264 2127 1382 2186 crimini

210 2224 331 2292 daturos
355 2241 421 2283 esse
443 2222 637 2302 praevideam.

299 2319 391 2398 ἓ68.
421 2320 454 2379 ln
475 2329 605 2381 extrema
628 2329 712 2400 parte
736 2321 825 2382 buius
849 2323 954 2400 eapitis
978 2323 1063 2400 quasi
1085 2339 1139 2401 per
1163 2328 1292 2381 saturam
1312 2321 1382 2382 alias

213 2419 354 2499 quasdam
389 2419 578 2496 quaestiones
610 2418 646 2479 de
679 2422 805 2499 synizesi
837 2419 918 2479 biatu
952 2419 1074 2480 elisione
1106 2417 1301 2498 productione
1335 2439 1382 2479 ex·

212 2518 335 2597 cutiam,
360 2534 435 2596 quae
459 2534 527 2576 cum
551 2525 614 2576 arte
639 2519 760 2576 metrica
784 2515 904 2578 Homeri
928 2515 1094 2577 cohaerent.

301 2613 454 2693 Synizesin
473 2613 671 2692 intellegimus
690 2623 845 2692 poetarum
864 2614 1013 2674 licentiam
1032 2613 1180 2675 eonllandi
1194 2635 1243 2674 eas
1260 2615 1383 2696 vocales,

211 2731 288 2792 quae
319 2712 350 2771 in
382 2710 496 2790 vulgari
529 2729 666 2771 sermone
695 2712 827 2772 nondum
853 2715 884 2773 in
913 2730 1002 2773 unam
1035 2710 1175 2792 syllabam
1203 2712 1382 2775 coaluerant.

157 2863 158 2868 ,
210 2810 294 2870 lianc
327 2808 490 2888 licentiam,
523 2827 610 2888 quam
643 2808 824 2870 creberrime
856 2813 885 2870 in
917 2808 1038 2870 llomeri
1067 2809 1249 2870 carminibus
1281 2812 1385 2871 iterari

212 2909 387 2989 Spitanerus
405 2907 442 2968 de
461 2926 550 2970 versu
568 2907 688 2968 heroico
707 2928 735 2987 p.
754 2907 815 2970 179
835 2909 962 2988 dixerat,
982 2906 1161 2968 arctioribus
1180 2927 1268 2986 quam
1287 2908 1383 2968 adbuc

212 3010 322 3068 laetum
346 3013 392 3065 est
415 3004 524 3066 fluibus
547 3005 848 3067 circumscribendam
869 3024 935 3066 esse
957 3013 1104 3066 nostrates
1123 3007 1308 3084 grammatici
1326 3007 1384 3066 iam

211 3105 402 3166 consentiunt
420 3104 644 3182 innumerisque
663 3102 737 3164 locis
755 3121 819 3163 eam
834 3104 920 3163 vitari
933 3119 1021 3181 posse
1037 3110 1068 3162 et
1080 3101 1189 3164 debere
1206 3103 1282 3162 inira
1297 3103 1383 3164 doce·

211 3203 318 3263 bimus.
357 3200 414 3261 Sed
439 3199 505 3279 plus
529 3199 665 3261 licentiae
689 3201 747 3262 sibi
766 3201 913 3261 Homerus
937 3202 1064 3279 sumpsit
1083 3219 1150 3260 cum
1174 3203 1205 3260 in
1226 3200 1384 3282 vocabulis,

211 3317 287 3378 quae
302 3297 358 3358 alio
374 3298 460 3358 modo
475 3299 608 3358 numeris
623 3296 735 3359 includi
748 3317 808 3359 uon
822 3306 969 3378 poterant,
984 3305 1017 3358 ut
1030 3294 1248 3380 πρωτοπαγέα
1262 3299 1295 3360 Ω
1310 3297 1384 3380 267,

213 3387 383 3477 ὑψερεφέα
408 3393 428 3456 d
452 3391 523 3473 757,
547 3403 610 3456 tum
635 3397 666 3455 in
690 3403 823 3456 extremo
848 3395 922 3475 pede
946 3395 1117 3456 hexametri.
1155 3396 1188 3457 ln
1212 3397 1269 3457 fine
1292 3400 1384 3477 igitur

213 3512 317 3555 versus
337 3510 405 3553 cum
425 3492 565 3572 pleraque
585 3495 727 3572 synizesis
746 3492 879 3572 exempla
897 3495 1095 3573 inveniantur,
1113 3497 1233 3556 reiectis
1253 3497 1383 3556 viromm

213 3593 369 3652 doctorum
398 3592 579 3652 coniecturis
607 3593 738 3668 integras
768 3590 876 3669 reliqui
903 3609 1043 3652 versuum
1072 3591 1218 3653 clausulas
1247 3585 1385 3672 Κρόνου

212 3695 290 3760 παῖς
313 3677 548 3766 ἀγκυλομήτεω
572 3679 809 3770 (ἀμυλόμητις
832 3691 907 3748 coni.
931 3681 1062 3771 Nauck),
1086 3674 1107 3768 ἦ
1130 3708 1165 3750 τε
1188 3681 1276 3769 μάλα
1299 3682 1384 3769 χρεώ

213 3778 291 3869 (χρή
312 3785 389 3844 coni.
403 3779 529 3867 Nauck),
547 3775 756 3866 ὑπερφίαλον
772 3779 945 3865 Διομήδεα
960 3779 1155 3869 (Διομήδην
1170 3788 1245 3846 coui.
1261 3781 1384 3869 Nauck).

212 3883 370 3945 Praeterea
395 3883 496 3941 nescio
519 3901 555 3943 aa
579 3891 710 3944 extrema
735 3901 853 3962 quoque
877 3883 985 3964 syllaba
1004 3893 1243 3950 anteeaesuram
1263 3884 1384 3962 pentbe-

212 3983 415 4042 memimerem
450 3981 574 4058 synizesi
607 3979 806 4041 admittendae
837 3981 951 4042 facilior
984 3982 1086 4062 luerit3
1120 3981 1176 4042 boe
1209 3982 1286 4041 enim
1320 3981 1385 4042 loeo

213 4080 362 4160 syoizesin
387 4077 544 4138 admissam
569 4077 659 4138 babes
682 4078 891 4140 vocabulorum
916 4074 1088 4159 κεφαλέων
1110 4078 1143 4140 Γ
1162 4076 1236 4156 273,
1259 4096 1385 4159 πρωτο-

211 4174 333 4258 παγέες
366 4176 397 4235 Ε
421 4175 497 4256 194,
530 4171 746 4258 πρωτοπαγέα
771 4178 806 4237 Ω
830 4175 908 4256 267,
941 4168 1075 4259 ἀσινέας
1106 4177 1124 4235 l.
1155 4173 1227 4238 110.
1260 4197 1284 4256 μ
1313 4175 1385 4258 137,

213 4268 403 4358 αἰνοπαθέᾳ
422 4290 443 4336 τ
462 4273 536 4355 201,
558 4265 726 4357 ὑψερεφέα
750 4272 771 4335 d
796 4272 869 4354 757,
893 4267 1036 4353 ἐφόρεον
1054 4295 1073 4354 χ
1093 4269 1167 4334 456.
1204 4273 1262 4335 Sed
1282 4275 1318 4336 de
1338 4275 1385 4336 bis

214 4373 421 4452 similibusque
450 4371 541 4433 robus
574 4373 668 4433 lusius
700 4375 730 4433 in
758 4375 854 4452 eapite
887 4372 924 4430 de
953 4369 1102 4432 vocalibus
1132 4370 1307 4432 diducendis
1335 4381 1386 4433 aut

214 4471 424 4532 evvntrabeudis
447 4470 599 4530 disseram.
