3192 5096
314 387 379 451 658
797 386 949 438 mnnon
967 385 993 436 x

312 543 445 631 κρουνῶ
470 543 502 614 δ’
528 548 647 613 ἵκανον
669 544 874 634 καλλιρρόω,
898 550 984 612 ένθα
1007 569 1042 612 τε
1065 549 1170 628 πηγαί

315 652 405 721 δοιαὶ
429 651 630 720 ἀναΐσσουσι
655 650 885 739 Σκαμάνδρου
908 648 1089 737 δινήεντος.

312 754 333 844 ἣ
358 758 419 846 μέν
441 757 505 845 γάρ
528 756 565 826 θ’
591 755 688 826 ὕδατι
712 761 816 849 λιαρῷ
839 758 944 843 όέέει,
967 753 1054 842 άμφὶ
1078 755 1116 824 δὲ
1137 753 1263 834 καπνός
1580 841 1581 858 χ

313 869 439 950 γίνεται
463 866 496 946 ἐξ
519 863 622 950 αὐτῆς
645 861 690 942 ῶς
712 868 743 931 εἰ
764 860 870 950 πυρός
893 864 1104 948 αἰθομένοιο·
1438 881 1484 928 ιιο
1580 885 1581 890 ’

313 967 333 1056 ἢ
358 969 388 1037 δ’
416 971 509 1058 ἑτέρη
531 971 628 1057 θέρει·
650 972 804 1058 προρέέει
826 978 979 1038 έεέικυλα
1003 968 1125 1057 χαλάζῃ

312 1072 333 1164 ἢ
357 1078 445 1163 χιόνι
468 1080 579 1166 ψυχρῇ
603 1073 623 1162 ἢ
649 1078 682 1158 ἐξ
704 1073 827 1155 ύδατος
850 1074 1053 1166 κρυστάλλῳ.

315 1189 400 1251 ἔνθα
425 1181 457 1250 δ’
483 1182 533 1250 ἐπ’
560 1181 695 1251 αὐτάων
718 1183 840 1250 πλυνοὶ
863 1179 975 1270 εὐρέες
997 1177 1097 1266 ἐγγὺς
1120 1185 1214 1247 ἔασιν

312 1290 408 1358 καλοὶ
431 1295 574 1374 λαΐνεοι,
599 1287 657 1356 ὅθι
680 1293 819 1376 έείματα
843 1287 1042 1373 σιγαλόεντα

312 1395 500 1464 πλύνεσκον
527 1394 652 1480 Τρῶων
675 1393 791 1482 άλοχοι
814 1399 915 1461 καλαί
935 1420 969 1462 τε
992 1393 1160 1482 θύγατρες

311 1501 349 1569 τὸ
373 1503 453 1587 πρὶν
478 1498 527 1568 ἐπ’
554 1500 703 1588 εἰρήνης,
727 1501 807 1587 πρὶν
830 1503 945 1568 έλθεϊν
967 1494 1043 1579 υἷας
1062 1498 1212 1586 Ἀχαιῶν.

313 1611 352 1696 τῇ
377 1610 419 1694 ῥα
442 1608 715 1694 παραδραμέτην,
739 1606 892 1694 φεύγων,
916 1603 935 1674 δ
960 1604 993 1673 δ’
1020 1604 1143 1674 ὄπισθε
1166 1604 1312 1673 διῶκων·

312 1714 442 1800 πρόσθε
464 1713 526 1800 μὲν
551 1711 673 1790 ἐσθλὸς
697 1717 830 1799 ἔφευγε,
855 1717 953 1780 δίωκε
977 1714 1018 1780 δέ
1038 1738 1096 1799 μιν
1119 1709 1191 1798 μέγ’
1217 1710 1386 1798 άμείνων,

313 1824 542 1906 καρπαλίμως,
567 1819 636 1886 έπεὶ
661 1817 721 1904 οὐχ
745 1817 873 1906 ίερηιον
897 1816 978 1886 οὐδὲ
1000 1823 1116 1904 βοείην

312 1923 507 2012 άρνύσθην,
531 1922 553 1992 ά
575 1951 610 1992 τε
633 1925 755 1993 ποσσὶν
779 1923 899 1993 άέθλια
921 1930 1048 2011 γίνεται
1073 1920 1225 2009 ἀνδρῶν,
1437 1944 1488 1991 ιεο

313 2030 397 2100 ἀλλὰ
420 2032 495 2119 περὶ
519 2035 627 2118 ψυχῆς
649 2033 755 2098 θέέον
777 2029 936 2117 Ἕκτορος
960 2031 1170 2116 ἱπποδάμοιο.

313 2137 358 2220 ῶς
381 2136 413 2206 δ’
440 2135 489 2205 ὅτ’
515 2133 724 2224 άεθλοφόροι
747 2137 822 2226 περὶ
844 2138 988 2223 τέρματα
1011 2136 1161 2224 μῶνυχες
1183 2140 1278 2204 ἵπποι

313 2249 420 2333 ῥίμφα
444 2243 532 2330 μάλα
555 2247 720 2331 τρωχῶσι·
752 2241 791 2310 τὸ
815 2243 854 2310 δὲ
876 2243 959 2328 μέγα
982 2256 1086 2310 κεῖται
1109 2241 1278 2326 άεθλον,.

311 2347 332 2438 ἢ
355 2357 471 2437 τρίπος
493 2348 531 2436 ἠέ
554 2349 656 2438 γυνή,
680 2347 806 2436 ἀνδρὸς
828 2352 1113 2434 κατατεθνηῶτος·

312 2455 357 2538 ῶς
378 2455 423 2525 τῶ
446 2457 518 2543 τρὶς
542 2453 711 2542 Πριάμοιο
735 2453 834 2523 πάλιν
857 2454 1122 2542 περιδινηθήτην
1437 2475 1484 2524 165

311 2567 548 2651 καρπαλίμοισι
572 2560 719 2628 πόδεσσι.
766 2560 841 2630 θεοὶ
865 2559 898 2628 δ’
925 2563 958 2640 ές
980 2559 1101 2640 πάντες
1123 2558 1261 2646 ὁρῶντο.

313 2683 400 2738 τοῖσι
424 2668 462 2737 δὲ
485 2666 606 2753 μύθων
630 2658 710 2754 ἦρχε
733 2667 840 2752 πατὴρ
864 2663 1000 2754 ἀνδρῶν
1024 2692 1058 2734 τε
1080 2670 1175 2734 θεῶν
1197 2688 1246 2734 τε·

313 2772 366 2860 ,,ῶ
390 2774 507 2858 πόποι,
531 2764 552 2860 ἦ
576 2779 678 2859 φίλον
702 2771 811 2858 άνδρα
835 2771 1042 2858 διωκόμενον
1065 2773 1141 2858 περὶ
1163 2785 1269 2859 τεῖχος

312 2879 542 2967 ὀφθαλμοῖσιν
566 2876 707 2966 ὁρῶμαι·
741 2877 822 2966 έμὸν
847 2875 882 2946 δ’
909 2877 1111 2965 ὀλοφύρεται
1135 2870 1215 2964 ἦτορ

312 2985 487 3073 Ἕκτορος,
512 2983 549 3064 ὅς
571 3011 628 3072 μοι
651 2984 758 3053 πολλὰ
781 2991 873 3072 βοῶν
897 2985 950 3052 ἐπὶ
974 2983 1067 3072 μηρί’
1093 2990 1189 3071 έκηεν
1438 3007 1484 3054 170

313 3091 405 3178 Ἴδης
428 3095 464 3160 έν
487 3095 655 3179 κορυφῇσι
679 3090 907 3177 πολυπτύχου,
931 3087 1049 3160 άλλοτε
1072 3087 1106 3158 δ’
1132 3082 1212 3159 αὖτε

313 3199 350 3265 έν
372 3195 468 3265 πόλει
490 3195 669 3285 άκροτάτη·
701 3201 766 3264 νῦν
790 3188 872 3265 αύτέ
891 3205 930 3264 fe
953 3201 1026 3276 δῖος
1047 3195 1212 3285 Ἀχιλλεύς

310 3305 415 3372 έάστυ
438 3304 513 3390 πέρι
536 3303 704 3390 Πριάμοιο
728 3302 827 3370 ποσὶν
849 3303 999 3389 ταχέεσσι
1022 3301 1145 3372 διῶκει.

312 3407 384 3478 ἀλλ’
411 3407 505 3495 άγετε
528 3409 709 3497 φράζεσθε,
732 3414 824 3490 θεοί,
847 3408 903 3476 καὶ
925 3409 1129 3496 μητιάασθε,

310 3514 352 3602 ἠέ
371 3543 430 3602 μιν
454 3517 489 3582 ἐκ
511 3513 677 3583 θανάτοιο
701 3513 891 3602 σαώσομεν,
915 3513 957 3602 ἠέ
976 3542 1035 3602 μιν
1057 3515 1123 3603 ἤδη
1434 3539 1479 3588 ιἰε

312 3625 462 3710 Πηλεΐδη
483 3617 607 3708 Ἀχιλῆι
631 3619 845 3708 δαμάσσομεν
869 3619 994 3689 ἐσθλὸν
1019 3622 1148 3692 έόντα.“

385 3798 596 3854 ιεειττωο
683 3803 877 3853 τεεὲιιοε
966 3803 1292 3856 τετααιοεειω
1383 3809 1477 3860 ιιι,

313 3883 390 3934 Non
409 3881 439 3934 et
456 3883 551 3933 Πεεο
625 3883 827 3934 171=11183
848 3880 877 3932 ιι
894 3882 922 3932 Σ
936 3883 986 3934 τεο
1061 3886 1165 3935 ιτα-ε
1184 3881 1218 3937 ιε.
1239 3884 1397 3938 nnn-8.
1421 3873 1434 3904 ·

384 4061 434 4111 147
455 4053 529 4111 ἔνθα
547 4075 576 4111 τε
596 4053 739 4112 Hermann
757 4057 793 4110 nd
812 4057 905 4126 hymn.
921 4056 989 4114 Ven.
1005 4063 1052 4113 59:
1073 4055 1147 4114 ἔνθα
1166 4057 1198 4113 δέ
1218 4059 1298 4114 codd.
1370 4066 1420 4117 15⁸
1438 4077 1479 4115 ex·

312 4136 386 4206 pulit
403 4135 515 4190 Bekker
529 4165 562 4175 -
578 4130 609 4188 έν
629 4131 714 4198 ένέοις
733 4137 824 4204 στίχος
842 4131 898 4190 ύπδ
917 4137 1019 4191 τοῦτον
1038 4135 1156 4207 φέρεται
1172 4133 1298 4206 εὐτελής·
1319 4135 1406 4210 φεῦγ’
1421 4137 1480 4202 ολὸς

311 4213 453 4286 Πριάμοιο
472 4217 556 4270 δίωκε
576 4211 608 4269 δέ
628 4217 689 4277 δῖος
705 4211 837 4284 Ἀχιλλεύς
857 4215 982 4271 schol.A
1057 4223 1107 4272 162
1126 4217 1243 4288 τέρμασι
1262 4215 1282 4270 C
1352 4225 1403 4275 163
1421 4241 1480 4286 τρο·

311 4291 396 4365 χόωσι
420 4297 508 4364 malo,
532 4297 565 4349 ut
583 4297 717 4367 scriptum
736 4299 780 4351 εει
803 4301 898 4363 0451,
922 4297 956 4350 ef.
976 4299 1012 4350 M
1022 4301 1074 4351 287
1154 4302 1205 4352 165
1222 4297 1287 4367 περὶ
1305 4299 1386 4365 (οοιτ.
1406 4300 1481 4364 πέρι)

311 4377 408 4430 ιλιαδ
494 4381 545 4430 166
565 4371 593 4430 δ’
614 4370 643 4438 ές
660 4375 697 4428 A:
716 4375 749 4430 δέ
769 4373 838 4430 τεΟ
874 4374 950 4430 δέΙ)
1034 4382 1172 4432 lav-207
1193 4377 1309 4431 damnat
1326 4377 1481 4434 Bemnnrdt

313 4458 361 4509 ττι
382 4451 413 4509 ἐν
433 4461 564 4524 κνημοῖσι
583 4454 606 4507 D
680 4461 730 4510 ατε
751 4451 765 4510 ἕ
784 4474 839 4510 om.
858 4459 890 4514 A.
