3244 5076
304 365 370 430 306
774 365 924 416 misnen
945 365 1005 414 uz

303 529 347 592 ὣ(
371 527 434 608 άρα
456 526 660 607 καρπαλίμως
684 527 792 607 ίήεατο
816 531 937 606 θοῦρον
959 526 1068 605 Ἀρηα.

304 636 362 701 τὸν
384 633 413 698 δ’
435 635 521 715 Ἥβη
545 633 670 714 λόεεεν,
695 633 846 715 χαρίεντά
868 654 903 698 τε
927 633 1058 713 Γείματα
1082 635 1201 700 ferrer·

303 742 367 822 πάρ
391 743 426 806 δὲ
451 742 506 806 Διὶ
530 741 684 821 Κρονίωνι
707 743 856 807 καθέζετο
881 742 969 806 κύδεϊ
991 741 1101 818 γαίων.

393 849 426 913 αἳ
451 848 480 912 δ’
502 849 590 914 odric
614 850 695 929 πρὸ(
719 851 809 927 θῶμα
833 849 913 913 Διὸτ
938 847 1091 925 μεγάλοιο
1115 850 1243 930 νέοντο,

301 956 388 1036 ”Ηρη
413 954 441 1019 τ’
464 955 588 1036 Ἀργείη
612 957 663 1020 καὶ
687 955 931 1034 Ἀλαλκομενηὶε
954 954 1082 1035 Ἀθήνη,

304 1064 461 1129 παύεαεαι
487 1064 698 1143 βροτολοιγὸν
719 1059 819 1142 Ἄρην
843 1061 1111 1140 ἀνδροκτααάων.

476 1345 681 1416 ΕΚΤΟΡΟΣ
705 1345 784 1412 ΚΑΙ
807 1345 1115 1412 ΑΝΔΡΟΜΑΧΗΣ
1139 1344 1307 1413 ΟΜΙΛΙΑ.

307 1505 432 1596 Τροίαν
456 1506 487 1575 δ’
514 1505 623 1593 ciritio
646 1506 701 1574 καί
721 1503 862 1593 Ἀχαιῶν
885 1503 1031 1592 φύλοπις
1054 1505 1145 1592 αἰνή·
1402 1506 1425 1571 Ζ
1465 1525 1478 1571 ι

302 1611 410 1682 πολλά
434 1613 464 1682 θ’
492 1611 547 1703 άρ’
574 1619 660 1686 ἔνθα
682 1612 738 1688 καί
762 1610 838 1679 ἔνθ’
865 1619 964 1680 ίθνσε
988 1613 1074 1701 μάχη
1098 1615 1228 1680 πεδίοιο

302 1720 458 1808 ἀλλήλων
481 1722 695 1807 ίθτινομένων
718 1719 882 1807 χαλκήρεα
906 1722 1030 1807 δοῦρα,

303 1826 469 1916 μεσσηγὺς
491 1830 675 1916 Σιμόεντος
698 1825 749 1894 idi
771 1825 924 1903 Ξάνθοιο
949 1825 1071 1910 ῥοάων.

392 1943 477 2014 Αἴας
500 1935 538 2004 dt
559 1938 690 2024 πρῶτος
715 1932 943 2019 Τελαμώνιος,
967 1933 1062 2019 ἕρκος
1083 1931 1239 2020 Ἀχαιόν,
1464 1953 1479 2000 e

307 2041 432 2130 Τρώων
454 2044 555 2130 ιίρῆξε
579 2043 749 2129 φάλαγγα,
774 2039 867 2127 φόως
890 2037 922 2107 δ’
949 2038 1119 2124 ἑτάροισιν
1142 2044 1280 2126 ἔθηκεν,

303 2147 412 2237 άνάρα
435 2147 548 2234 βαλὼν
572 2144 609 2229 ὃς
631 2145 767 2236 άριστος
790 2146 841 2214 ἐνί
864 2150 1037 2234 Θρεΐκεσσι
1060 2147 1210 2231 τέτακτο,

303 2253 381 2323 vido
402 2253 594 2344 ’άλισσαίρου
614 2250 791 2340 Ἀκάμαντ’
816 2249 883 2340 ήόν
904 2278 944 2328 τε,
963 2253 1068 2339 μέγαν
1090 2279 1133 2320 τε.

302 2361 363 2430 τόν
387 2360 418 2450 ῤ’
445 2367 540 2448 ἔβαλε
564 2366 694 2450 πρῶτος
715 2359 865 2449 κόρυθος
888 2359 998 2446 φάλον
1022 2363 1254 2445 ἱπποδασείης,

376 2546 429 2596 906
445 2567 478 2587 ==
494 2544 518 2594 E
533 2547 594 2596 869.
615 2545 636 2594 Α
652 2545 705 2594 405
778 2543 831 2592 908
846 2563 879 2583 =
894 2541 920 2590 A
934 2543 959 2592 6.

375 2623 396 2673 Ζ
414 2620 447 2674 4⁵
462 2646 495 2667 =
511 2623 536 2676 Θ
550 2625 602 2675 660
674 2623 706 2673 6·
720 2643 753 2664 =
768 2621 803 2672 M
813 2621 866 2672 3⁷8
938 2623 1075 2671 9-11=·
1090 2625 1115 2672 Δ
1129 2624 1261 2674 ene-61.

304 2779 403 2833 dianus
431 2782 460 2834 et
483 2779 574 2850 Apoll.
599 2779 684 2849 Soph.
711 2783 769 2844 130,
795 2783 842 2830 14:
869 2775 1088 2846 περιστρέφεται
1114 2779 1194 2836 codd.
1304 2783 1356 2834 906
1376 2779 1478 2833 λοῦσεν

304 2859 394 2926 οαάά.,
413 2859 447 2913 cf.
467 2860 537 2930 prol.
558 2878 584 2929 p.
602 2864 650 2914 181
668 2889 701 2899 -
716 2876 745 2912 τε
761 2856 852 2912 Vrat.:
872 2855 904 2911 a
925 2856 997 2911 AcD
1066 2864 1119 2914 906
1137 2860 1283 2916 damnasse
1302 2858 1477 2913 Zenodotum

305 2942 403 2993 narrat
419 2939 505 2994 schol.
524 2937 561 3008 Β,
584 2939 731 2994 damnasse
750 2935 943 2992 Aristarchum
966 2939 1063 2992 narrat
1085 2939 1170 2996 schol.
1189 2939 1215 2993 V
1328 2946 1380 2994 909
1395 2935 1476 3008 Ἄρην

304 3017 377 3072 ΑΟΙ)
397 3022 426 3074 et
444 3019 633 3074 Herodianus:
647 3013 722 3088 Ἄρη’
743 3016 832 3085 Cant,
851 3017 948 3072 dubito
968 3033 1003 3071 an
1022 3035 1096 3073 vere.

375 3099 460 3154 Liber
478 3103 499 3152 Z
518 3099 576 3154 sive
596 3117 707 3154 carmen
726 3097 913 3164 undecimum,
927 3097 996 3152 licet
1010 3098 1045 3152 ab
1059 3097 1204 3155 Herodoto
1218 3100 1243 3154 II
1259 3107 1309 3155 116
1323 3101 1365 3154 ite.
1379 3099 1476 3154 laude-

304 3182 358 3246 tur,
378 3180 521 3247 tamquam
535 3196 600 3249 pars
614 3178 725 3248 integra
741 3173 902 3248 Διομήδους
920 3171 1063 3248 άριστείας
1080 3177 1177 3247 fuerit,
1196 3183 1292 3236 tamen
1310 3197 1365 3234 non
1384 3180 1475 3234 solum

304 3257 479 3326 aptissimum
504 3263 576 3326 erat,
601 3259 675 3328 quod
700 3275 823 3313 seorsum
843 3261 1015 3325 cantaretur,
1043 3260 1198 3314 sedetiam
1216 3277 1234 3313 a
1252 3260 1344 3315 colore
1363 3262 1393 3314 et
1410 3277 1476 3314 eou-

303 3337 368 3392 silio
386 3338 452 3393 libri
475 3339 567 3408 quinti
591 3357 654 3394 cum
672 3340 736 3394 aliis
754 3339 836 3393 rebus
855 3336 951 3390 differt
969 3341 1028 3391 turn
1046 3337 1111 3406 hoc,
1137 3338 1211 3406 quod
1235 3339 1398 3405 Diomedes,
1427 3341 1476 3406 qui

303 3417 354 3472 illo
373 3418 445 3474 libro
465 3418 579 3474 deorum
599 3420 754 3475 reverentia
773 3417 849 3472 omni
868 3419 953 3470 exuta
971 3417 1140 3472 Ferocissime
1156 3419 1294 3474 Venerem
1312 3421 1342 3474 et
1356 3419 1474 3473 Martem

303 3512 451 3566 aggressus
478 3499 551 3568 erat,
580 3498 636 3552 iam
664 3499 719 3553 hoc
742 3499 815 3552 libro
839 3502 936 3552 v.129
961 3513 1024 3551 cum
1055 3497 1108 3552 diis
1134 3517 1246 3552 menum
1271 3513 1415 3553 conserere
1446 3513 1475 3550 se

303 3592 478 3646 summopere
497 3579 587 3632 vereri
606 3577 683 3634 dicit.
720 3581 804 3632 Arcto
819 3579 913 3631 autem
933 3577 985 3630 hoc
1005 3593 1116 3631 carmen
1130 3578 1263 3632 cohaeret
1281 3594 1345 3630 cum
1364 3577 1399 3630 iis
1414 3593 1474 3631 car-

302 3647 437 3724 minibus,
468 3657 497 3710 in
522 3658 622 3726 quibus
647 3676 690 3713 ree
714 3662 811 3728 gestae
835 3655 1004 3725 Sarpedonis
1028 3660 1057 3711 et
1080 3656 1180 3712 Glauci
1206 3674 1302 3727 regum
1326 3655 1474 3726 Lyciorum

303 3735 493 3803 illustrantur,
521 3755 593 3806 quae
619 3738 714 3792 omnia
741 3737 787 3790 uni
815 3739 917 3806 poetae
940 3735 1109 3804 assignanda
1132 3736 1286 3806 eodemque
1317 3735 1475 3790 litterarum

302 3833 404 3888 genere
426 3816 611 3874 describenda
629 3819 734 3874 censui.
787 3823 854 3871 1-4
873 3816 989 3871 carmini
1008 3817 1185 3873 antecedenti
1203 3819 1286 3872 finem
1304 3817 1475 3886 imponendo

302 3895 425 3966 aptiores
454 3913 536 3966 quem
562 3915 634 3953 novo
657 3897 774 3952 carmini
801 3897 971 3965 auspicando
1000 3899 1077 3963 sunt,
1106 3899 1178 3952 unde
1207 3897 1303 3952 dubito
1332 3915 1366 3952 an
1391 3899 1420 3951 et
1444 3896 1474 3949 hi

305 3993 398 4030 versus
426 3975 510 4030 rectis
538 3977 641 4032 litteris
670 3975 844 4032 exscribendi
871 3975 977 4031 fuerint
1004 3979 1033 4030 et
1061 3976 1201 4031 undecimi
1229 3976 1362 4032 carminis
1392 3979 1475 4031 vetus

304 4055 462 4124 exordium,
491 4074 547 4125 quo
569 4059 635 4127 post
658 4057 773 4112 dubium
797 4056 915 4109 Martem
939 4056 1053 4110 tandem
1077 4055 1261 4112 Troianorum
1284 4055 1374 4111 aciem
1398 4056 1475 4111 labe·

302 4131 402 4190 iactari
425 4139 554 4205 coeptam
578 4153 637 4192 esse
668 4137 890 4207 significabatur,
915 4136 1043 4190 socordia
1068 4135 1209 4191 Pisistrati
1235 4137 1475 4191 diasceuastornm

301 4213 482 4270 interciderit.
549 4222 566 4270 4
585 4212 726 4287 μεσσηχάς
743 4221 880 4286 ποταμοῖο
899 4212 1092 4285 Σκαμάνδρου
1112 4215 1159 4269 καί
1180 4217 1367 4286 στομαλίμνης
1385 4216 1476 4270 altere

302 4296 389 4351 editio
408 4295 579 4363 Aristarchi,
598 4294 739 4366 μεσσηγάς
757 4301 895 4364 ποταμοῖο
914 4293 1106 4367 Σκαμάνδρου
1126 4295 1174 4350 καλ
1189 4293 1344 4367 Σιμόεντος
1359 4295 1476 4350 Chaeris

283 4381 319 4441 ‚5
339 4377 407 4438 Δίας
426 4370 456 4428 θ’
477 4367 514 4429 αὖ
533 4377 578 4431 vel
599 4370 666 4431 ἔνθ’
692 4379 760 4440 Δίας
778 4376 931 4448 genuinum
950 4375 1082 4431 carminis
1099 4375 1210 4430 initium
1230 4375 1315 4430 fuisse
1334 4377 1402 4444 puto

305 4459 319 4508 7
341 4451 480 4524 Θρῄκεσσι
500 4456 590 4524 οαάά.,
609 4457 643 4511 cf.
663 4456 733 4527 prol.
753 4477 778 4526 p.
800 4461 859 4513 177.
