3276 5090
650 383 867 448 „25-

175 545 297 626 bantur,
320 549 372 626 qui
396 565 464 607 carm
488 565 546 607 non
571 546 665 607 solum
690 545 797 626 aliena,
821 547 980 608 sedetiam
1004 565 1057 607 sna
1076 549 1206 608 carmina
1225 553 1344 607 cantare

173 651 377 724 consuessent,
397 647 469 704 artis
487 643 603 706 divinae
623 645 723 706 lurore
743 648 831 723 saepe
846 644 1116 723 commovebantur,
1135 652 1169 705 ut
1182 643 1344 706 Homerum

172 749 290 822 poetam
318 741 457 804 aemulati
481 751 611 805 veterem
635 745 885 822 comparationem
909 759 982 802 nova
1006 749 1237 824 commutarent,
1265 741 1345 803 locos

173 842 308 918 quinon
333 841 405 900 satis
428 841 524 900 nitere
543 841 717 902 viderentur
742 839 894 918 splendide
919 849 1109 921 exornarent,
1133 840 1260 919 denique
1284 847 1344 900 tota

173 955 293 1019 quoque
316 940 447 999 carmina
471 941 564 999 veteri
587 938 670 1000 Hiadi
694 943 869 1000 insererent.
914 937 995 1010 Quae
1020 957 1088 1003 cum
1111 941 1151 1000 ita
1176 940 1248 1018 sint,
1271 937 1344 998 baec

172 1035 372 1096 additamenta
405 1035 497 1096 multo
535 1035 701 1097 difficiliora
735 1043 804 1098 stant
837 1036 872 1096 ad
910 1035 1106 1115 detegendum
1144 1043 1174 1095 et
1211 1027 1345 1096 acumina

164 1131 443 1194 ‘Alexandrinorum
473 1137 733 1212 grammaticorum
766 1133 907 1214 pleraque
940 1134 1088 1212 ingerunt.
1139 1132 1234 1212 Prope
1266 1134 1345 1193 enim

174 1232 280 1292 borum
304 1231 572 1291 additamentorum
595 1240 746 1312 auctores,
770 1251 844 1310 qnos
863 1249 932 1292 vere
951 1230 1126 1292 Homeridas
1145 1231 1237 1292 luisse
1256 1229 1345 1310 dicas,

173 1328 210 1389 ab
238 1336 334 1389 aetate
362 1327 483 1388 Homeri
513 1327 636 1390 aberant
666 1338 696 1390 et
726 1339 819 1390 artem
850 1347 909 1391 non
939 1332 1033 1408 magis
1064 1301 1151 1409 qn⁰am
1183 1329 1346 1389 orationem

174 1429 306 1506 parentis
330 1429 402 1486 artis
426 1426 595 1487 felicissime
620 1429 726 1490 imitati
744 1437 833 1506 atque
853 1426 990 1489 aemulati
1010 1436 1087 1488 sum.
1124 1426 1227 1506 Neque
1248 1437 1345 1488 tamen

174 1543 300 1604 prorsus
328 1523 414 1585 nobis
443 1524 479 1584 de
508 1528 637 1605 antiquis
666 1524 801 1585 versibus
829 1544 846 1584 a
870 1523 1040 1586 recentibus
1068 1524 1274 1588 discernendis
1298 1526 1346 1587 de·

173 1624 353 1703 sperandum
378 1630 431 1683 est.
474 1622 548 1684 Nam
571 1632 600 1683 et
624 1627 719 1684 oratio
742 1626 869 1684 istorum
892 1621 1158 1684 additamentorum
1183 1623 1343 1704 peculiaria

172 1722 318 1800 quaedam
347 1720 448 1800 babet,
478 1739 552 1800 quae
582 1721 711 1800 linguam
740 1729 803 1782 tum
832 1722 975 1799 temporis
1001 1723 1043 1781 de
1061 1728 1161 1782 vetere
1185 1729 1264 1783 statu
1288 1725 1346 1783 iam

173 1819 339 1880 declinasse
359 1826 389 1878 et
403 1817 551 1898 Odysseae
570 1819 714 1899 quosdam
730 1836 833 1879 versus
852 1817 1021 1898 pervulgari
1035 1828 1064 1880 et
1081 1819 1211 1880 adamavi
1225 1828 1346 1898 coeptos

174 1935 242 1976 esse
267 1923 436 1994 coarguant.
483 1915 553 1976 Plus
582 1924 679 1977 autem
709 1921 739 1979 in
765 1918 820 1977 boc
843 1933 952 1994 genere
976 1915 1237 1997 interpolationum
1262 1935 1346 1995 argu-

173 2023 273 2074 menta
298 2029 397 2073 rerum
423 2012 531 2094 valent,
559 2014 705 2092 siquidem
730 2033 947 2093 supervacanea
971 2021 1001 2074 et
1024 2013 1140 2093 turgida
1164 2034 1223 2076 non
1247 2018 1346 2077 minus

174 2131 264 2191 quam
297 2111 424 2172 obscura
456 2119 486 2172 et
518 2111 604 2172 exilia
637 2112 673 2171 ab
706 2111 828 2172 Homeri
865 2114 983 2189 ingenio
1015 2111 1177 2173 abhorrent
1210 2122 1239 2175 et
1271 2131 1346 2193 quae

174 2227 234 2270 non
268 2209 303 2269 ad
339 2211 432 2287 ipsam
465 2226 565 2270 rerum
599 2229 743 2271 summam
780 2212 906 2270 attinent
943 2211 1073 2272 carmina
1110 2210 1147 2271 ab
1179 2211 1347 2273 Homeridis

173 2309 275 2386 potius
304 2306 492 2385 superaddita
522 2327 610 2387 quam
640 2308 675 2368 ab
700 2307 827 2368 Homero
856 2309 920 2388 ipso
949 2308 1082 2382 conlecta
1111 2327 1176 2369 esse
1201 2310 1347 2371 videntur.

173 2403 300 2464 Maxime
329 2422 399 2464 vero
432 2413 464 2464 ut
497 2407 528 2465 in
560 2404 624 2466 aliis
657 2404 818 2484 generibus
845 2404 1118 2487 interpolationum,
1151 2409 1195 2467 sic
1227 2410 1257 2468 in
1290 2407 1346 2469 boc

173 2519 295 2580 qnoque
318 2501 353 2560 ad
383 2501 585 2580 indagandam.
600 2501 724 2563 alienam
748 2504 893 2581 originem
920 2505 1011 2564 rimae
1035 2521 1210 2583 compagum
1234 2504 1348 2565 ducunt

173 2597 361 2660 incommoda
381 2598 478 2678 aliqua
497 2599 642 2676 particula
659 2600 703 2660 vel
718 2618 822 2661 versus
836 2599 967 2662 clausula
982 2601 1081 2678 inepta
1096 2600 1237 2680 expletae.
1269 2601 1347 2662 Haec

173 2705 333 2777 postquam
357 2699 388 2756 in
408 2699 580 2758 universum
599 2697 829 2780 disputavimus,
852 2698 967 2777 singula
992 2700 1048 2758 iam
1073 2705 1256 2777 pertractare
1274 2706 1347 2759 tem·

173 2813 232 2875 pus
256 2803 310 2856 est

266 2893 402 2972 Quinque
418 2893 491 2956 locis
507 2894 592 2955 binae
607 2898 783 2956 coniunctae
799 2901 868 2955 sunt
883 2897 1117 2973 comparationes
1132 2890 1347 2956 atos-468

173 2998 206 3050 et
220 2987 415 3072 469-473,
436 2993 467 3052 A
481 2987 664 3055 aas-557
686 2999 716 3053 et
736 2989 845 3053 558-
856 2987 930 3072 565,
950 2992 979 3051 0
993 2988 1178 3054 ets-622
1193 3000 1224 3052 et
1238 2989 1347 3054 623-

175 3085 254 3167 629,
279 3089 307 3148 Τ
327 3085 392 3148 374
416 3096 446 3149 et
470 3086 655 3169 ato-379,
681 3092 710 3150 Τ
730 3086 907 3151 490-494
931 3097 961 3151 et
983 3085 1169 3151 495-503.
1216 3089 1347 3169 Utraque
1399 3105 1401 3110 ’

175 3189 294 3266 egregia
314 3199 373 3266 est,
397 3190 457 3250 sive
476 3191 618 3249 orationis
642 3189 773 3268 leporem
793 3190 853 3248 sive
877 3189 1057 3248 inventionis
1076 3207 1200 3248 acumen
1223 3197 1348 3267 spectas,

176 3295 276 3346 tamen
303 3284 404 3345 ambas
432 3285 469 3346 ab
497 3286 602 3347 eodem
630 3295 716 3366 poeta
745 3288 837 3347 lactas
866 3303 930 3344 esse
959 3283 1044 3362 plane
1074 3283 1268 3363 improbabile
1292 3293 1346 3345 est.

174 3381 322 3461 Equidem
350 3387 601 3463 comparationem
625 3387 722 3446 iliacis
746 3403 814 3445 cum
843 3385 925 3443 asino
953 3382 1164 3462 pedetemptim
1189 3399 1223 3442 aa
1248 3390 1348 3462 segete

174 3480 338 3541 decedente
372 3475 418 3560 (A
450 3477 650 3566 ons-565)
686 3485 799 3544 nativae
831 3478 1013 3558 simplicitati
1043 3479 1217 3540 Homericae
1249 3483 1349 3561 poesis

175 3581 270 3658 magis
302 3597 389 3659 quarn
422 3582 580 3660 imaginem
614 3580 708 3641 leonis
736 3581 908 3658 convenire,
942 3586 972 3638 et
999 3597 1089 3657 grues
1115 3569 1290 3640 innumeras
1317 3582 1347 3640 in

174 3677 247 3736 Asio
275 3685 359 3754 prato
388 3680 466 3738 circa
495 3679 616 3739 llumina
645 3677 759 3758 Caystri
788 3676 918 3738 volantes
950 3678 1049 3755 potius
1082 3675 1118 3738 ab
1146 3675 1288 3756 Homero,
1316 3679 1347 3737 in

173 3793 247 3853 agro
279 3773 379 3834 lonico
412 3793 504 3854 prope
533 3776 687 3854 Caystrum
719 3775 828 3836 ilnmen
859 3774 998 3853 degente,
1031 3775 1066 3834 ad
1098 3777 1347 3855 comparationem

173 3872 304 3932 adscitas
327 3889 393 3932 esse
413 3875 577 3933 existimavi
597 3892 684 3952 quam
705 3891 873 3935 muscarum
893 3889 1016 3933 examen
1035 3871 1120 3933 lactis
1139 3875 1202 3934 sina
1222 3875 1347 3932 circum-

173 3968 360 4030 volitantium
385 3963 429 4052 (B
452 3965 656 4052 469··473);
684 3973 773 4031 tertio
802 3978 900 4030 atatem
923 3969 988 4030 loco
1012 3977 1042 4030 et
1066 3973 1169 4049 quinto
1192 3971 1256 4048 ipsa
1279 3987 1347 4030 con-

173 4067 312 4128 formatio
340 4069 505 4128 sententiae
536 4076 565 4127 et
595 4085 689 4128 nexus
719 4085 819 4128 verum
849 4067 936 4128 docet
963 4067 1098 4148 alteram,
1131 4085 1190 4127 non
1218 4068 1347 4145 priorem

171 4168 334 4243 imaginem
357 4164 393 4225 ab
416 4167 583 4225 recentiore
607 4175 692 4244 poeta
715 4165 936 4244 superadditam
960 4183 1034 4228 esse.

263 4261 356 4325 Porro
386 4263 488 4324 eadem
517 4262 661 4341 particula
690 4263 735 4324 bis
765 4263 848 4324 brevi
875 4261 1028 4326 intervallo
1051 4265 1083 4323 in
1106 4265 1255 4343 principio
1278 4281 1345 4325 sen-

173 4364 285 4422 tentiae
314 4362 408 4438 posita
438 4361 618 4422 documento
646 4371 692 4422 est
720 4380 823 4423 versus
848 4363 875 4422 B
898 4356 1073 4422 aso—253
1102 4367 1132 4422 et
1160 4357 1346 4443 aas-256,

173 4477 250 4536 qnae
279 4457 401 4518 eandem
430 4458 492 4520 iere
520 4461 696 4520 sententiam
721 4461 904 4539 exprimunt,
931 4473 1025 4538 aeque
1050 4477 1084 4520 ac
1107 4461 1141 4522 X
1160 4455 1344 4522 ‹ssa-507
