<?xml version="1.0" encoding="UTF-8"?>
<!DOCTYPE html PUBLIC "-//W3C//DTD XHTML 1.0 Transitional//EN"
    "http://www.w3.org/TR/xhtml1/DTD/xhtml1-transitional.dtd">
<html xmlns="http://www.w3.org/1999/xhtml" xml:lang="en" lang="en">
 <head>
  <title>
</title>
<meta http-equiv="Content-Type" content="text/html;charset=utf-8" />
  <meta name='ocr-system' content='tesseract 3.04.00' />
  <meta name='ocr-capabilities' content='ocr_page ocr_carea ocr_par ocr_line ocrx_word'/>
</head>
<body>
  <div class='ocr_page' id='page_1' title='image "./homeriiliadisca01homegoog_0131.png"; bbox 0 0 3280 5104; ppageno 0'>
   <div class='ocr_carea' id='block_1_1' title="bbox 737 375 972 437">
    <p class='ocr_par' dir='ltr' id='par_1_1' title="bbox 737 375 972 437">
     <span class='ocr_line' id='line_1_1' title="bbox 737 375 972 437; baseline -0.017 1"><span class='ocrx_word' id='word_1_1' title='bbox 737 411 770 420; x_wconf 83' lang='lat'>-</span> <span class='ocrx_word' id='word_1_2' title='bbox 825 375 972 437; x_wconf 75' lang='lat' dir='ltr'>lao-</span> 
     </span>
    </p>
   </div>
   <div class='ocr_carea' id='block_1_2' title="bbox 315 527 1442 1246">
    <p class='ocr_par' dir='ltr' id='par_1_2' title="bbox 315 527 1442 1246">
     <span class='ocr_line' id='line_1_2' title="bbox 359 527 1442 622; baseline -0.011 -18"><span class='ocrx_word' id='word_1_3' title='bbox 359 536 397 616; x_wconf 86' lang='grc' dir='ltr'>ός</span> <span class='ocrx_word' id='word_1_4' title='bbox 413 539 491 622; x_wconf 78' lang='grc' dir='ltr'><em>τλῇς</em></span> <span class='ocrx_word' id='word_1_5' title='bbox 509 532 609 602; x_wconf 80' lang='grc' dir='ltr'><em>εἵνεκ’</em></span> <span class='ocrx_word' id='word_1_6' title='bbox 631 535 720 620; x_wconf 79' lang='grc' dir='ltr'><em>ἐμεῖο</em></span> <span class='ocrx_word' id='word_1_7' title='bbox 739 527 792 620; x_wconf 80' lang='grc' dir='ltr'>(ὃς</span> <span class='ocrx_word' id='word_1_8' title='bbox 812 535 906 616; x_wconf 81' lang='grc' dir='ltr'><em>ἔτλης</em></span> <span class='ocrx_word' id='word_1_9' title='bbox 926 532 1005 616; x_wconf 79' lang='grc' dir='ltr'><em>ἐμεῦ</em></span> <span class='ocrx_word' id='word_1_10' title='bbox 1018 527 1119 598; x_wconf 78' lang='grc' dir='ltr'><em>εἵνεκ’</em></span> <span class='ocrx_word' id='word_1_11' title='bbox 1137 529 1252 617; x_wconf 79' lang='lat' dir='ltr'>codd),</span> <span class='ocrx_word' id='word_1_12' title='bbox 1268 527 1336 594; x_wconf 78' lang='grc' dir='ltr'><em>ἐπεὶ</em></span> <span class='ocrx_word' id='word_1_13' title='bbox 1350 530 1442 604; x_wconf 61' lang='lat' dir='ltr'>stass</span> 
     </span>
     <span class='ocr_line' id='line_1_3' title="bbox 1068 625 1312 714; baseline -0.008 -20"><span class='ocrx_word' id='word_1_14' title='bbox 1068 625 1312 714; x_wconf 79' lang='grc' dir='ltr'><em>ὀφθαλμοῖσιν·</em></span> 
     </span>
     <span class='ocr_line' id='line_1_4' title="bbox 359 719 1440 818; baseline -0.008 -20"><span class='ocrx_word' id='word_1_15' title='bbox 359 729 396 811; x_wconf 82' lang='grc' dir='ltr'>ὅς</span> <span class='ocrx_word' id='word_1_16' title='bbox 418 727 452 797; x_wconf 69' lang='lat' dir='ltr'>f&#39;</span> <span class='ocrx_word' id='word_1_17' title='bbox 478 729 548 811; x_wconf 82' lang='grc' dir='ltr'><em>ἄξει</em></span> <span class='ocrx_word' id='word_1_18' title='bbox 568 726 614 818; x_wconf 69' lang='lat' dir='ltr'>(f&#39;</span> <span class='ocrx_word' id='word_1_19' title='bbox 636 753 693 794; x_wconf 93' lang='lat' dir='ltr'>om.</span> <span class='ocrx_word' id='word_1_20' title='bbox 713 728 822 814; x_wconf 87' lang='lat' dir='ltr'>codd),</span> <span class='ocrx_word' id='word_1_21' title='bbox 846 719 915 805; x_wconf 83' lang='grc' dir='ltr'><em>εἷός</em></span> <span class='ocrx_word' id='word_1_22' title='bbox 937 752 995 794; x_wconf 82' lang='grc' dir='ltr'>κεν</span> <span class='ocrx_word' id='word_1_23' title='bbox 1019 724 1112 812; x_wconf 84' lang='grc' dir='ltr'><em>όίγων</em></span> <span class='ocrx_word' id='word_1_24' title='bbox 1133 723 1257 812; x_wconf 78' lang='grc' dir='ltr'><em>Ἀχιλῆι</em></span> <span class='ocrx_word' id='word_1_25' title='bbox 1279 722 1440 810; x_wconf 78' lang='grc' dir='ltr'><em>πελάσσῃ·</em></span> 
     </span>
     <span class='ocr_line' id='line_1_5' title="bbox 359 819 1439 917; baseline -0.009 -21"><span class='ocrx_word' id='word_1_26' title='bbox 359 833 490 917; x_wconf 79' lang='grc' dir='ltr'><em>Βορρῆς</em></span> <span class='ocrx_word' id='word_1_27' title='bbox 507 829 648 916; x_wconf 79' lang='grc' dir='ltr'>(Βορέης</span> <span class='ocrx_word' id='word_1_28' title='bbox 663 825 764 916; x_wconf 86' lang='lat' dir='ltr'>codd.)</span> <span class='ocrx_word' id='word_1_29' title='bbox 778 827 833 894; x_wconf 83' lang='grc' dir='ltr'>καὶ</span> <span class='ocrx_word' id='word_1_30' title='bbox 849 827 1011 912; x_wconf 81' lang='grc' dir='ltr'><em>Ζέφυρος,</em></span> <span class='ocrx_word' id='word_1_31' title='bbox 1025 822 1070 891; x_wconf 79' lang='grc' dir='ltr'>ταί</span> <span class='ocrx_word' id='word_1_32' title='bbox 1085 849 1121 890; x_wconf 92' lang='grc' dir='ltr'>τε</span> <span class='ocrx_word' id='word_1_33' title='bbox 1134 821 1313 912; x_wconf 78' lang='grc' dir='ltr'><em>Θρῄκηθεν</em></span> <span class='ocrx_word' id='word_1_34' title='bbox 1327 819 1439 905; x_wconf 77' lang='grc' dir='ltr'><em>ἄητον.</em></span> 
     </span>
     <span class='ocr_line' id='line_1_6' title="bbox 315 943 1019 1026; baseline -0.007 -15"><span class='ocrx_word' id='word_1_35' title='bbox 315 951 348 1012; x_wconf 92' lang='lat' dir='ltr'>In</span> <span class='ocrx_word' id='word_1_36' title='bbox 372 950 488 1012; x_wconf 90' lang='lat' dir='ltr'>duobus</span> <span class='ocrx_word' id='word_1_37' title='bbox 511 950 576 1011; x_wconf 91' lang='lat' dir='ltr'>aliis</span> <span class='ocrx_word' id='word_1_38' title='bbox 602 949 736 1010; x_wconf 81' lang='lat' dir='ltr'>versibus</span> <span class='ocrx_word' id='word_1_39' title='bbox 761 949 791 1010; x_wconf 89' lang='grc' dir='ltr'><em>Λ</em></span> <span class='ocrx_word' id='word_1_40' title='bbox 814 945 888 1008; x_wconf 81' lang='grc'><strong>497.</strong></span> <span class='ocrx_word' id='word_1_41' title='bbox 912 967 932 1026; x_wconf 93' lang='grc' dir='ltr'><em>ρ</em></span> <span class='ocrx_word' id='word_1_42' title='bbox 955 943 1019 1007; x_wconf 80' lang='grc'>519</span> 
     </span>
     <span class='ocr_line' id='line_1_7' title="bbox 360 1051 1255 1142; baseline -0.007 -15"><span class='ocrx_word' id='word_1_43' title='bbox 360 1065 484 1142; x_wconf 76' lang='grc' dir='ltr'><em>δαΐζων</em></span> <span class='ocrx_word' id='word_1_44' title='bbox 507 1063 628 1137; x_wconf 78' lang='grc' dir='ltr'><em>ἵππους</em></span> <span class='ocrx_word' id='word_1_45' title='bbox 650 1083 684 1125; x_wconf 88' lang='grc' dir='ltr'>τε</span> <span class='ocrx_word' id='word_1_46' title='bbox 707 1058 762 1124; x_wconf 81' lang='grc' dir='ltr'>καλ</span> <span class='ocrx_word' id='word_1_47' title='bbox 785 1055 920 1142; x_wconf 79' lang='grc' dir='ltr'><em>ἀνέρας·</em></span> <span class='ocrx_word' id='word_1_48' title='bbox 944 1053 1027 1123; x_wconf 81' lang='lat' dir='ltr'>odda&#39;</span> <span class='ocrx_word' id='word_1_49' title='bbox 1047 1079 1098 1121; x_wconf 85' lang='grc' dir='ltr'>τω</span> <span class='ocrx_word' id='word_1_50' title='bbox 1114 1051 1255 1141; x_wconf 81' lang='grc' dir='ltr'><em>Ἕκτωρ·</em></span> 
     </span>
     <span class='ocr_line' id='line_1_8' title="bbox 361 1153 1118 1246; baseline -0.008 -21"><span class='ocrx_word' id='word_1_51' title='bbox 361 1156 458 1246; x_wconf 59' lang='lat' dir='ltr'>&amp;stop</span> <span class='ocrx_word' id='word_1_52' title='bbox 482 1155 610 1236; x_wconf 70' lang='lat' dir='ltr'>deducis</span> <span class='ocrx_word' id='word_1_53' title='bbox 632 1153 723 1222; x_wconf 69' lang='lat' dir='ltr'>rtue’</span> <span class='ocrx_word' id='word_1_54' title='bbox 749 1153 923 1241; x_wconf 72' lang='grc' dir='ltr'><em>ἱμερόεντα</em></span> <span class='ocrx_word' id='word_1_55' title='bbox 946 1160 1118 1240; x_wconf 85' lang='grc' dir='ltr'><em>βροτοῖσιν</em></span> 
     </span>
    </p>
   </div>
   <div class='ocr_carea' id='block_1_3' title="bbox 272 1277 1444 1839">
    <p class='ocr_par' dir='ltr' id='par_1_3' title="bbox 272 1277 1444 1839">
     <span class='ocr_line' id='line_1_9' title="bbox 272 1277 1443 1368; baseline -0.007 -18"><span class='ocrx_word' id='word_1_56' title='bbox 272 1293 316 1350; x_wconf 88' lang='lat' dir='ltr'>vis</span> <span class='ocrx_word' id='word_1_57' title='bbox 336 1291 443 1348; x_wconf 86' lang='lat' dir='ltr'>veteris</span> <span class='ocrx_word' id='word_1_58' title='bbox 467 1289 607 1368; x_wconf 84' lang='lat' dir='ltr'>digammi</span> <span class='ocrx_word' id='word_1_59' title='bbox 631 1277 1157 1366; x_wconf 57' lang='lat' dir='ltr'>dedituretddaddp1),sImiliter</span> <span class='ocrx_word' id='word_1_60' title='bbox 1181 1291 1269 1362; x_wconf 83' lang='lat' dir='ltr'>atque</span> <span class='ocrx_word' id='word_1_61' title='bbox 1289 1286 1317 1343; x_wconf 90' lang='lat' dir='ltr'>iu</span> <span class='ocrx_word' id='word_1_62' title='bbox 1339 1301 1443 1343; x_wconf 82' lang='lat' dir='ltr'>versus</span> 
     </span>
     <span class='ocr_line' id='line_1_10' title="bbox 273 1377 1443 1465; baseline -0.004 -18"><span class='ocrx_word' id='word_1_63' title='bbox 273 1390 353 1447; x_wconf 84' lang='lat' dir='ltr'>exitu</span> <span class='ocrx_word' id='word_1_64' title='bbox 377 1377 482 1465; x_wconf 78' lang='grc' dir='ltr'><em>ἀμφὶς</em></span> <span class='ocrx_word' id='word_1_65' title='bbox 505 1378 607 1464; x_wconf 60' lang='lat' dir='ltr'>trapa</span> <span class='ocrx_word' id='word_1_66' title='bbox 627 1385 657 1444; x_wconf 82' lang='lat' dir='ltr'><em>A</em></span> <span class='ocrx_word' id='word_1_67' title='bbox 676 1381 750 1463; x_wconf 85' lang='lat'><strong>559,</strong></span> <span class='ocrx_word' id='word_1_68' title='bbox 774 1383 810 1442; x_wconf 93' lang='lat' dir='ltr'>ad</span> <span class='ocrx_word' id='word_1_69' title='bbox 833 1381 962 1442; x_wconf 80' lang='lat' dir='ltr'>vocalem</span> <span class='ocrx_word' id='word_1_70' title='bbox 986 1380 1205 1461; x_wconf 80' lang='lat' dir='ltr'>producendam</span> <span class='ocrx_word' id='word_1_71' title='bbox 1227 1384 1297 1442; x_wconf 87' lang='lat' dir='ltr'>satis</span> <span class='ocrx_word' id='word_1_72' title='bbox 1318 1381 1443 1442; x_wconf 88' lang='lat' dir='ltr'>valuisse</span> 
     </span>
     <span class='ocr_line' id='line_1_11' title="bbox 275 1477 1443 1562; baseline -0.002 -20"><span class='ocrx_word' id='word_1_73' title='bbox 275 1485 398 1545; x_wconf 86' lang='lat' dir='ltr'>videtur.</span> <span class='ocrx_word' id='word_1_74' title='bbox 445 1483 578 1562; x_wconf 84' lang='lat' dir='ltr'>Denique</span> <span class='ocrx_word' id='word_1_75' title='bbox 609 1501 717 1559; x_wconf 83' lang='lat' dir='ltr'>anceps</span> <span class='ocrx_word' id='word_1_76' title='bbox 748 1490 852 1542; x_wconf 91' lang='lat' dir='ltr'>natura</span> <span class='ocrx_word' id='word_1_77' title='bbox 886 1481 941 1541; x_wconf 87' lang='lat' dir='ltr'>luit</span> <span class='ocrx_word' id='word_1_78' title='bbox 973 1479 1135 1558; x_wconf 79' lang='lat' dir='ltr'>particulae</span> <span class='ocrx_word' id='word_1_79' title='bbox 1167 1477 1247 1560; x_wconf 89' lang='grc' dir='ltr'><em>πρίν</em></span> <span class='ocrx_word' id='word_1_80' title='bbox 1280 1482 1310 1539; x_wconf 95' lang='lat' dir='ltr'>in</span> <span class='ocrx_word' id='word_1_81' title='bbox 1339 1498 1443 1540; x_wconf 83' lang='lat' dir='ltr'>versus</span> 
     </span>
     <span class='ocr_line' id='line_1_12' title="bbox 272 1572 1444 1662; baseline -0.005 -20"><span class='ocrx_word' id='word_1_82' title='bbox 272 1584 357 1642; x_wconf 89' lang='lat' dir='ltr'>initio</span> <span class='ocrx_word' id='word_1_83' title='bbox 381 1577 461 1662; x_wconf 81' lang='grc' dir='ltr'><em>πρὶν</em></span> <span class='ocrx_word' id='word_1_84' title='bbox 485 1575 598 1642; x_wconf 75' lang='grc' dir='ltr'><em>ἐλθεῖν</em></span> <span class='ocrx_word' id='word_1_85' title='bbox 622 1600 641 1660; x_wconf 97' lang='grc' dir='ltr'><em>ρ</em></span> <span class='ocrx_word' id='word_1_86' title='bbox 667 1577 730 1641; x_wconf 83' lang='grc'>195</span> <span class='ocrx_word' id='word_1_87' title='bbox 746 1605 787 1628; x_wconf 90' lang='lat'>=</span> <span class='ocrx_word' id='word_1_88' title='bbox 802 1592 823 1639; x_wconf 86' lang='grc' dir='ltr'><em>ο</em></span> <span class='ocrx_word' id='word_1_89' title='bbox 841 1575 914 1657; x_wconf 77' lang='grc'><strong>402,</strong></span> <span class='ocrx_word' id='word_1_90' title='bbox 938 1572 1017 1658; x_wconf 81' lang='grc' dir='ltr'><em>πρὶν</em></span> <span class='ocrx_word' id='word_1_91' title='bbox 1041 1575 1148 1655; x_wconf 79' lang='grc' dir='ltr'><em>ἔγνων</em></span> <span class='ocrx_word' id='word_1_92' title='bbox 1171 1597 1190 1638; x_wconf 92' lang='grc' dir='ltr'><em>τ</em></span> <span class='ocrx_word' id='word_1_93' title='bbox 1212 1575 1285 1638; x_wconf 79' lang='lat'>475.</span> <span class='ocrx_word' id='word_1_94' title='bbox 1327 1577 1444 1637; x_wconf 83' lang='lat' dir='ltr'><strong>Nullius</strong></span> 
     </span>
     <span class='ocr_line' id='line_1_13' title="bbox 273 1675 1441 1756; baseline -0.003 -16"><span class='ocrx_word' id='word_1_95' title='bbox 273 1700 342 1741; x_wconf 87' lang='lat' dir='ltr'>vero</span> <span class='ocrx_word' id='word_1_96' title='bbox 367 1698 472 1740; x_wconf 87' lang='lat' dir='ltr'>versus</span> <span class='ocrx_word' id='word_1_97' title='bbox 495 1679 645 1738; x_wconf 83' lang='lat' dir='ltr'>Homerici</span> <span class='ocrx_word' id='word_1_98' title='bbox 672 1678 787 1756; x_wconf 88' lang='lat' dir='ltr'>primns</span> <span class='ocrx_word' id='word_1_99' title='bbox 811 1695 864 1756; x_wconf 90' lang='lat' dir='ltr'>pes</span> <span class='ocrx_word' id='word_1_100' title='bbox 887 1678 958 1736; x_wconf 86' lang='lat' dir='ltr'>Iusti</span> <span class='ocrx_word' id='word_1_101' title='bbox 982 1675 1113 1736; x_wconf 86' lang='lat' dir='ltr'>trochaei</span> <span class='ocrx_word' id='word_1_102' title='bbox 1138 1693 1306 1736; x_wconf 91' lang='lat' dir='ltr'>mensuram</span> <span class='ocrx_word' id='word_1_103' title='bbox 1331 1675 1441 1755; x_wconf 88' lang='lat' dir='ltr'>Implet.</span> 
     </span>
     <span class='ocr_line' id='line_1_14' title="bbox 273 1776 558 1839; baseline -0.007 0"><span class='ocrx_word' id='word_1_104' title='bbox 273 1779 345 1839; x_wconf 85' lang='lat' dir='ltr'>Nam</span> <span class='ocrx_word' id='word_1_105' title='bbox 368 1781 398 1838; x_wconf 92' lang='lat' dir='ltr'>in</span> <span class='ocrx_word' id='word_1_106' title='bbox 422 1776 558 1838; x_wconf 88' lang='lat' dir='ltr'>versibus</span> 
     </span>
    </p>
   </div>
   <div class='ocr_carea' id='block_1_4' title="bbox 273 1873 1445 2470">
    <p class='ocr_par' dir='ltr' id='par_1_4' title="bbox 360 1873 1377 1963">
     <span class='ocr_line' id='line_1_15' title="bbox 360 1873 1377 1963; baseline -0.002 -19"><span class='ocrx_word' id='word_1_107' title='bbox 360 1875 467 1945; x_wconf 81' lang='grc' dir='ltr'><em>πολλὰ</em></span> <span class='ocrx_word' id='word_1_108' title='bbox 491 1877 670 1962; x_wconf 79' lang='grc' dir='ltr'><em>λισσομένη</em></span> <span class='ocrx_word' id='word_1_109' title='bbox 695 1875 931 1962; x_wconf 77' lang='grc' dir='ltr'><em>χρυσάμπυκας</em></span> <span class='ocrx_word' id='word_1_110' title='bbox 954 1873 1048 1963; x_wconf 80' lang='grc' dir='ltr'><em>ᾔτεεν</em></span> <span class='ocrx_word' id='word_1_111' title='bbox 1072 1877 1193 1953; x_wconf 80' lang='grc' dir='ltr'><em>ἵππους</em></span> <span class='ocrx_word' id='word_1_112' title='bbox 1216 1874 1263 1961; x_wconf 84' lang='grc' dir='ltr'>(Ε</span> <span class='ocrx_word' id='word_1_113' title='bbox 1284 1876 1377 1962; x_wconf 84' lang='grc'><em>358)·</em></span> 
     </span>
    </p>

    <p class='ocr_par' dir='ltr' id='par_1_5' title="bbox 361 1968 1335 2066">
     <span class='ocr_line' id='line_1_16' title="bbox 361 1968 1335 2066; baseline -0.006 -22"><span class='ocrx_word' id='word_1_114' title='bbox 361 1974 466 2044; x_wconf 83' lang='grc' dir='ltr'><em>πολλὰ</em></span> <span class='ocrx_word' id='word_1_115' title='bbox 491 1972 708 2066; x_wconf 67' lang='grc' dir='ltr'><em>ῥυστάζεσκεν</em></span> <span class='ocrx_word' id='word_1_116' title='bbox 731 1973 790 2040; x_wconf 81' lang='grc' dir='ltr'>ἑοῦ</span> <span class='ocrx_word' id='word_1_117' title='bbox 815 1973 889 2060; x_wconf 82' lang='grc' dir='ltr'><em>περὶ</em></span> <span class='ocrx_word' id='word_1_118' title='bbox 913 1968 990 2057; x_wconf 83' lang='grc' dir='ltr'><em>σῆμ’</em></span> <span class='ocrx_word' id='word_1_119' title='bbox 1017 1971 1149 2054; x_wconf 76' lang='grc' dir='ltr'><em>ἑτάροιο</em></span> <span class='ocrx_word' id='word_1_120' title='bbox 1173 1972 1220 2057; x_wconf 79' lang='grc' dir='ltr'>(Ω</span> <span class='ocrx_word' id='word_1_121' title='bbox 1244 1975 1335 2060; x_wconf 78' lang='grc'><em>755)·</em></span> 
     </span>
    </p>

    <p class='ocr_par' dir='ltr' id='par_1_6' title="bbox 273 2061 1445 2470">
     <span class='ocr_line' id='line_1_17' title="bbox 361 2061 1376 2160; baseline -0.004 -19"><span class='ocrx_word' id='word_1_122' title='bbox 361 2071 470 2140; x_wconf 71' lang='lat' dir='ltr'>aalma&amp;</span> <span class='ocrx_word' id='word_1_123' title='bbox 493 2071 677 2160; x_wconf 80' lang='grc' dir='ltr'><em>ῥωγαλέην,</em></span> <span class='ocrx_word' id='word_1_124' title='bbox 701 2073 738 2138; x_wconf 79' lang='grc' dir='ltr'>ἐν</span> <span class='ocrx_word' id='word_1_125' title='bbox 762 2071 799 2138; x_wconf 75' lang='grc' dir='ltr'>δὲ</span> <span class='ocrx_word' id='word_1_126' title='bbox 822 2070 969 2156; x_wconf 79' lang='grc' dir='ltr'><em>στρόφος</em></span> <span class='ocrx_word' id='word_1_127' title='bbox 991 2061 1051 2155; x_wconf 78' lang='grc' dir='ltr'>ἦεν</span> <span class='ocrx_word' id='word_1_128' title='bbox 1074 2066 1199 2155; x_wconf 81' lang='grc' dir='ltr'><em>ἀορτήρ</em></span> <span class='ocrx_word' id='word_1_129' title='bbox 1225 2071 1260 2153; x_wconf 92' lang='grc' dir='ltr'>(ν</span> <span class='ocrx_word' id='word_1_130' title='bbox 1283 2073 1376 2156; x_wconf 60' lang='lat' dir='ltr'>abab</span> 
     </span>
     <span class='ocr_line' id='line_1_18' title="bbox 274 2191 1444 2274; baseline -0.001 -20"><span class='ocrx_word' id='word_1_131' title='bbox 274 2194 500 2274; x_wconf 88' lang='lat' dir='ltr'>productionem</span> <span class='ocrx_word' id='word_1_132' title='bbox 528 2192 651 2254; x_wconf 90' lang='lat' dir='ltr'>alterius</span> <span class='ocrx_word' id='word_1_133' title='bbox 678 2193 805 2272; x_wconf 81' lang='lat' dir='ltr'>syllabae</span> <span class='ocrx_word' id='word_1_134' title='bbox 830 2211 933 2254; x_wconf 86' lang='lat' dir='ltr'>versus</span> <span class='ocrx_word' id='word_1_135' title='bbox 960 2191 1130 2272; x_wconf 84' lang='lat' dir='ltr'>dupIIcibus</span> <span class='ocrx_word' id='word_1_136' title='bbox 1154 2193 1399 2274; x_wconf 76' lang='lat' dir='ltr'>consonantibus,</span> <span class='ocrx_word' id='word_1_137' title='bbox 1427 2213 1444 2253; x_wconf 89' lang='lat' dir='ltr'>a</span> 
     </span>
     <span class='ocr_line' id='line_1_19' title="bbox 274 2281 1445 2373; baseline -0.001 -21"><span class='ocrx_word' id='word_1_138' title='bbox 274 2292 383 2373; x_wconf 81' lang='lat' dir='ltr'>qtribus</span> <span class='ocrx_word' id='word_1_139' title='bbox 406 2291 532 2353; x_wconf 90' lang='lat' dir='ltr'>alterum</span> <span class='ocrx_word' id='word_1_140' title='bbox 552 2291 690 2370; x_wconf 89' lang='lat' dir='ltr'>quodque</span> <span class='ocrx_word' id='word_1_141' title='bbox 711 2289 833 2350; x_wconf 84' lang='lat' dir='ltr'>verbum</span> <span class='ocrx_word' id='word_1_142' title='bbox 851 2285 1058 2369; x_wconf 72' lang='grc' dir='ltr'><em>ίρωγαλεήν,</em></span> <span class='ocrx_word' id='word_1_143' title='bbox 1080 2281 1333 2370; x_wconf 69' lang='grc' dir='ltr'><em>ίρνστάζεσκεν,</em></span> <span class='ocrx_word' id='word_1_144' title='bbox 1356 2291 1445 2370; x_wconf 89' lang='grc' dir='ltr'><em>γλισ-</em></span> 
     </span>
     <span class='ocr_line' id='line_1_20' title="bbox 273 2383 1445 2470; baseline -0.001 -20"><span class='ocrx_word' id='word_1_145' title='bbox 273 2383 397 2470; x_wconf 83' lang='grc' dir='ltr'><em>σομένη</em></span> <span class='ocrx_word' id='word_1_146' title='bbox 430 2389 501 2450; x_wconf 93' lang='lat' dir='ltr'>olim</span> <span class='ocrx_word' id='word_1_147' title='bbox 529 2387 701 2468; x_wconf 85' lang='lat' dir='ltr'>lnpriebat,</span> <span class='ocrx_word' id='word_1_148' title='bbox 733 2387 811 2448; x_wconf 80' lang='lat' dir='ltr'>ellici</span> <span class='ocrx_word' id='word_1_149' title='bbox 839 2387 951 2448; x_wconf 89' lang='lat' dir='ltr'>dudum</span> <span class='ocrx_word' id='word_1_150' title='bbox 980 2385 1163 2448; x_wconf 88' lang='lat' dir='ltr'>intellectum</span> <span class='ocrx_word' id='word_1_151' title='bbox 1190 2395 1249 2468; x_wconf 88' lang='lat' dir='ltr'>est,</span> <span class='ocrx_word' id='word_1_152' title='bbox 1282 2395 1312 2448; x_wconf 92' lang='lat' dir='ltr'>et</span> <span class='ocrx_word' id='word_1_153' title='bbox 1341 2406 1445 2449; x_wconf 90' lang='lat' dir='ltr'>versus</span> 
     </span>
    </p>
   </div>
   <div class='ocr_carea' id='block_1_5' title="bbox 276 2485 394 2549">
    <p class='ocr_par' dir='ltr' id='par_1_7' title="bbox 276 2485 394 2549">
     <span class='ocr_line' id='line_1_21' title="bbox 276 2485 394 2549; baseline 0.008 -1"><span class='ocrx_word' id='word_1_154' title='bbox 276 2492 306 2548; x_wconf 83' lang='lat' dir='ltr'><em>A</em></span> <span class='ocrx_word' id='word_1_155' title='bbox 331 2485 394 2549; x_wconf 84' lang='lat'>193</span> 
     </span>
    </p>
   </div>
   <div class='ocr_carea' id='block_1_6' title="bbox 274 2588 1445 2994">
    <p class='ocr_par' dir='ltr' id='par_1_8' title="bbox 363 2588 1445 2778">
     <span class='ocr_line' id='line_1_22' title="bbox 363 2588 1445 2684; baseline 0 -21"><span class='ocrx_word' id='word_1_156' title='bbox 363 2598 424 2676; x_wconf 80' lang='grc' dir='ltr'>ἕως</span> <span class='ocrx_word' id='word_1_157' title='bbox 456 2596 528 2684; x_wconf 87' lang='lat' dir='ltr'>(scr.</span> <span class='ocrx_word' id='word_1_158' title='bbox 561 2588 643 2683; x_wconf 76' lang='grc' dir='ltr'><em>εἷος)</em></span> <span class='ocrx_word' id='word_1_159' title='bbox 677 2590 694 2662; x_wconf 89' lang='grc' dir='ltr'>ὁ</span> <span class='ocrx_word' id='word_1_160' title='bbox 727 2589 827 2660; x_wconf 85' lang='grc' dir='ltr'><em>ταῦθ’</em></span> <span class='ocrx_word' id='word_1_161' title='bbox 863 2591 1000 2680; x_wconf 84' lang='grc' dir='ltr'><em>ὅρμαινε</em></span> <span class='ocrx_word' id='word_1_162' title='bbox 1033 2591 1115 2660; x_wconf 81' lang='grc' dir='ltr'><em>κατὰ</em></span> <span class='ocrx_word' id='word_1_163' title='bbox 1143 2595 1251 2681; x_wconf 80' lang='grc' dir='ltr'><em>φρένα</em></span> <span class='ocrx_word' id='word_1_164' title='bbox 1279 2596 1334 2662; x_wconf 80' lang='grc' dir='ltr'>καὶ</span> <span class='ocrx_word' id='word_1_165' title='bbox 1362 2595 1445 2663; x_wconf 78' lang='grc' dir='ltr'><em>κατὰ</em></span> 
     </span>
     <span class='ocr_line' id='line_1_23' title="bbox 1070 2690 1186 2778; baseline 0 -20"><span class='ocrx_word' id='word_1_166' title='bbox 1070 2690 1186 2778; x_wconf 87' lang='grc' dir='ltr'><em>θυμόν</em></span> 
     </span>
    </p>

    <p class='ocr_par' dir='ltr' id='par_1_9' title="bbox 274 2811 1445 2894">
     <span class='ocr_line' id='line_1_24' title="bbox 274 2811 1445 2894; baseline -0.001 -17"><span class='ocrx_word' id='word_1_167' title='bbox 274 2817 474 2894; x_wconf 85' lang='lat' dir='ltr'>similiumque</span> <span class='ocrx_word' id='word_1_168' title='bbox 493 2816 597 2874; x_wconf 86' lang='lat' dir='ltr'>vitium</span> <span class='ocrx_word' id='word_1_169' title='bbox 616 2831 632 2872; x_wconf 90' lang='lat' dir='ltr'>a</span> <span class='ocrx_word' id='word_1_170' title='bbox 652 2812 723 2873; x_wconf 88' lang='lat' dir='ltr'>God.</span> <span class='ocrx_word' id='word_1_171' title='bbox 743 2811 921 2892; x_wconf 86' lang='lat' dir='ltr'>Hermanno,</span> <span class='ocrx_word' id='word_1_172' title='bbox 945 2811 1031 2873; x_wconf 87' lang='lat' dir='ltr'>elem.</span> <span class='ocrx_word' id='word_1_173' title='bbox 1053 2811 1147 2873; x_wconf 89' lang='lat' dir='ltr'>doctr.</span> <span class='ocrx_word' id='word_1_174' title='bbox 1166 2822 1251 2876; x_wconf 89' lang='lat' dir='ltr'>metr.</span> <span class='ocrx_word' id='word_1_175' title='bbox 1267 2835 1294 2894; x_wconf 92' lang='lat' dir='ltr'>p.</span> <span class='ocrx_word' id='word_1_176' title='bbox 1314 2811 1356 2876; x_wconf 82' lang='grc'>59</span> <span class='ocrx_word' id='word_1_177' title='bbox 1376 2815 1445 2876; x_wconf 91' lang='lat' dir='ltr'>sub-</span> 
     </span>
    </p>

    <p class='ocr_par' dir='ltr' id='par_1_10' title="bbox 274 2899 1442 2994">
     <span class='ocr_line' id='line_1_25' title="bbox 274 2899 1442 2994; baseline 0.003 -21"><span class='ocrx_word' id='word_1_178' title='bbox 274 2913 366 2974; x_wconf 88' lang='lat' dir='ltr'>latum</span> <span class='ocrx_word' id='word_1_179' title='bbox 398 2919 451 2971; x_wconf 89' lang='lat' dir='ltr'>est.</span> <span class='ocrx_word' id='word_1_180' title='bbox 502 2911 634 2990; x_wconf 76' lang='lat' dir='ltr'>lienique</span> <span class='ocrx_word' id='word_1_181' title='bbox 667 2928 805 2971; x_wconf 88' lang='lat' dir='ltr'>versuum</span> <span class='ocrx_word' id='word_1_182' title='bbox 840 2911 923 2970; x_wconf 88' lang='lat' dir='ltr'>initia</span> <span class='ocrx_word' id='word_1_183' title='bbox 954 2899 1056 2970; x_wconf 85' lang='grc' dir='ltr'><em>Ἰλίου</em></span> <span class='ocrx_word' id='word_1_184' title='bbox 1090 2905 1301 2994; x_wconf 79' lang='grc' dir='ltr'><em>προπάροιθε</em></span> <span class='ocrx_word' id='word_1_185' title='bbox 1335 2915 1364 2973; x_wconf 85' lang='lat' dir='ltr'><em>O</em></span> <span class='ocrx_word' id='word_1_186' title='bbox 1390 2913 1442 2976; x_wconf 84' lang='grc'>66.</span> 
     </span>
    </p>
   </div>
   <div class='ocr_carea' id='block_1_7' title="bbox 275 2999 1445 3187">
    <p class='ocr_par' dir='ltr' id='par_1_11' title="bbox 275 2999 1445 3187">
     <span class='ocr_line' id='line_1_26' title="bbox 278 2999 1445 3089; baseline 0.002 -17"><span class='ocrx_word' id='word_1_187' title='bbox 278 3013 308 3072; x_wconf 90' lang='grc' dir='ltr'><em>Φ</em></span> <span class='ocrx_word' id='word_1_188' title='bbox 334 3007 405 3072; x_wconf 86' lang='grc'><strong>106.</strong></span> <span class='ocrx_word' id='word_1_189' title='bbox 429 3010 462 3070; x_wconf 87' lang='lat' dir='ltr'><em>X</em></span> <span class='ocrx_word' id='word_1_190' title='bbox 482 3009 515 3089; x_wconf 83' lang='lat'>6,</span> <span class='ocrx_word' id='word_1_191' title='bbox 539 2999 661 3088; x_wconf 81' lang='grc' dir='ltr'><em>ἀγρίου</em></span> <span class='ocrx_word' id='word_1_192' title='bbox 687 3000 838 3087; x_wconf 87' lang='grc' dir='ltr'><em>πρόσθεν</em></span> <span class='ocrx_word' id='word_1_193' title='bbox 861 3009 895 3068; x_wconf 87' lang='grc' dir='ltr'><strong><em>Χ</em></strong></span> <span class='ocrx_word' id='word_1_194' title='bbox 914 3005 979 3068; x_wconf 86' lang='grc'>313</span> <span class='ocrx_word' id='word_1_195' title='bbox 1003 3010 1149 3071; x_wconf 89' lang='lat' dir='ltr'>restitutis</span> <span class='ocrx_word' id='word_1_196' title='bbox 1177 3014 1321 3089; x_wconf 76' lang='lat' dir='ltr'>genetiuis</span> <span class='ocrx_word' id='word_1_197' title='bbox 1346 3003 1445 3075; x_wconf 85' lang='grc' dir='ltr'><em>Ἰλίου</em></span> 
     </span>
     <span class='ocr_line' id='line_1_27' title="bbox 275 3101 828 3187; baseline -0.005 -19"><span class='ocrx_word' id='word_1_198' title='bbox 275 3117 305 3168; x_wconf 89' lang='lat' dir='ltr'>et</span> <span class='ocrx_word' id='word_1_199' title='bbox 328 3101 445 3187; x_wconf 84' lang='grc' dir='ltr'><em>όιγρίοο</em></span> <span class='ocrx_word' id='word_1_200' title='bbox 470 3105 633 3185; x_wconf 87' lang='lat' dir='ltr'>Nanckius,</span> <span class='ocrx_word' id='word_1_201' title='bbox 657 3114 687 3165; x_wconf 91' lang='lat' dir='ltr'>et</span> <span class='ocrx_word' id='word_1_202' title='bbox 709 3123 828 3166; x_wconf 84' lang='lat' dir='ltr'>versum</span> 
     </span>
    </p>
   </div>
   <div class='ocr_carea' id='block_1_8' title="bbox 408 3212 1421 3309">
    <p class='ocr_par' dir='ltr' id='par_1_12' title="bbox 408 3212 1421 3309">
     <span class='ocr_line' id='line_1_28' title="bbox 408 3212 1421 3309; baseline 0.004 -27"><span class='ocrx_word' id='word_1_203' title='bbox 408 3212 497 3282; x_wconf 83' lang='grc' dir='ltr'><em>Αἶαν</em></span> <span class='ocrx_word' id='word_1_204' title='bbox 516 3214 687 3301; x_wconf 76' lang='grc' dir='ltr'><em>Ἰδομενεῦ</em></span> <span class='ocrx_word' id='word_1_205' title='bbox 709 3240 759 3299; x_wconf 85' lang='grc' dir='ltr'>τε,</span> <span class='ocrx_word' id='word_1_206' title='bbox 781 3229 895 3294; x_wconf 84' lang='grc' dir='ltr'><em>κακοῖς</em></span> <span class='ocrx_word' id='word_1_207' title='bbox 919 3215 988 3282; x_wconf 82' lang='grc' dir='ltr'><em>ἐπεὶ</em></span> <span class='ocrx_word' id='word_1_208' title='bbox 1012 3212 1103 3284; x_wconf 76' lang='lat' dir='ltr'>odat·</span> <span class='ocrx_word' id='word_1_209' title='bbox 1114 3218 1247 3286; x_wconf 64' lang='grc' dir='ltr'><em>λέλοιπε</em></span> <span class='ocrx_word' id='word_1_210' title='bbox 1268 3221 1324 3306; x_wconf 82' lang='grc' dir='ltr'>(Ψ</span> <span class='ocrx_word' id='word_1_211' title='bbox 1339 3221 1421 3309; x_wconf 86' lang='grc'><strong>493)</strong></span> 
     </span>
    </p>
   </div>
   <div class='ocr_carea' id='block_1_9' title="bbox 275 3330 1447 3906">
    <p class='ocr_par' dir='ltr' id='par_1_13' title="bbox 275 3330 1445 3512">
     <span class='ocr_line' id='line_1_29' title="bbox 276 3330 1445 3420; baseline 0.003 -22"><span class='ocrx_word' id='word_1_212' title='bbox 276 3346 410 3398; x_wconf 87' lang='lat' dir='ltr'>revocata</span> <span class='ocrx_word' id='word_1_213' title='bbox 448 3336 635 3416; x_wconf 82' lang='lat' dir='ltr'>copulatione</span> <span class='ocrx_word' id='word_1_214' title='bbox 671 3338 844 3397; x_wconf 80' lang='lat' dir='ltr'>nominativi</span> <span class='ocrx_word' id='word_1_215' title='bbox 874 3345 905 3397; x_wconf 89' lang='lat' dir='ltr'>et</span> <span class='ocrx_word' id='word_1_216' title='bbox 937 3339 1061 3397; x_wconf 86' lang='lat' dir='ltr'>vocativi</span> <span class='ocrx_word' id='word_1_217' title='bbox 1094 3339 1179 3410; x_wconf 83' lang='grc' dir='ltr'><em>Αίας</em></span> <span class='ocrx_word' id='word_1_218' title='bbox 1209 3330 1377 3420; x_wconf 80' lang='grc' dir='ltr'><em>Ἰδομενεῦ</em></span> <span class='ocrx_word' id='word_1_219' title='bbox 1409 3361 1445 3402; x_wconf 91' lang='grc' dir='ltr'>τε</span> 
     </span>
     <span class='ocr_line' id='line_1_30' title="bbox 275 3433 799 3512; baseline -0.006 -16"><span class='ocrx_word' id='word_1_220' title='bbox 275 3435 314 3496; x_wconf 92' lang='lat' dir='ltr'>Io.</span> <span class='ocrx_word' id='word_1_221' title='bbox 329 3433 590 3512; x_wconf 83' lang='lat' dir='ltr'>Wackernagelius</span> <span class='ocrx_word' id='word_1_222' title='bbox 612 3441 799 3494; x_wconf 81' lang='lat' dir='ltr'>sanaverunt.</span> 
     </span>
    </p>

    <p class='ocr_par' dir='ltr' id='par_1_14' title="bbox 275 3529 1447 3906">
     <span class='ocr_line' id='line_1_31' title="bbox 364 3529 1446 3610; baseline 0.001 -16"><span class='ocrx_word' id='word_1_223' title='bbox 364 3533 384 3610; x_wconf 66' lang='grc' dir='ltr'><strong>ἓ</strong></span> <span class='ocrx_word' id='word_1_224' title='bbox 404 3529 456 3594; x_wconf 81' lang='grc'>67.</span> <span class='ocrx_word' id='word_1_225' title='bbox 484 3530 548 3592; x_wconf 90' lang='lat' dir='ltr'>Non</span> <span class='ocrx_word' id='word_1_226' title='bbox 568 3531 662 3592; x_wconf 92' lang='lat' dir='ltr'>solum</span> <span class='ocrx_word' id='word_1_227' title='bbox 681 3533 750 3591; x_wconf 90' lang='lat' dir='ltr'>vitia</span> <span class='ocrx_word' id='word_1_228' title='bbox 770 3549 910 3592; x_wconf 86' lang='lat' dir='ltr'>versuum</span> <span class='ocrx_word' id='word_1_229' title='bbox 928 3531 1049 3592; x_wconf 89' lang='lat' dir='ltr'>Homeri</span> <span class='ocrx_word' id='word_1_230' title='bbox 1067 3535 1180 3594; x_wconf 85' lang='lat' dir='ltr'>criticIa</span> <span class='ocrx_word' id='word_1_231' title='bbox 1199 3534 1322 3594; x_wconf 88' lang='lat' dir='ltr'>medelis</span> <span class='ocrx_word' id='word_1_232' title='bbox 1341 3534 1446 3596; x_wconf 85' lang='lat' dir='ltr'>tollere</span> 
     </span>
     <span class='ocr_line' id='line_1_32' title="bbox 275 3628 1447 3709; baseline -0.002 -17"><span class='ocrx_word' id='word_1_233' title='bbox 275 3640 305 3692; x_wconf 93' lang='lat' dir='ltr'>et</span> <span class='ocrx_word' id='word_1_234' title='bbox 336 3647 489 3690; x_wconf 86' lang='lat' dir='ltr'>removere</span> <span class='ocrx_word' id='word_1_235' title='bbox 520 3632 617 3690; x_wconf 89' lang='lat' dir='ltr'>conati</span> <span class='ocrx_word' id='word_1_236' title='bbox 648 3647 765 3708; x_wconf 80' lang='lat' dir='ltr'>sunaus,</span> <span class='ocrx_word' id='word_1_237' title='bbox 796 3629 847 3689; x_wconf 89' lang='lat' dir='ltr'>sed</span> <span class='ocrx_word' id='word_1_238' title='bbox 878 3630 979 3709; x_wconf 88' lang='lat' dir='ltr'>etiam,</span> <span class='ocrx_word' id='word_1_239' title='bbox 1009 3631 1035 3688; x_wconf 93' lang='lat' dir='ltr'>si</span> <span class='ocrx_word' id='word_1_240' title='bbox 1065 3628 1125 3689; x_wconf 88' lang='lat' dir='ltr'>leui</span> <span class='ocrx_word' id='word_1_241' title='bbox 1154 3630 1270 3690; x_wconf 88' lang='lat' dir='ltr'>admota</span> <span class='ocrx_word' id='word_1_242' title='bbox 1300 3631 1447 3692; x_wconf 90' lang='lat' dir='ltr'>medicIna</span> 
     </span>
     <span class='ocr_line' id='line_1_33' title="bbox 276 3713 1447 3807; baseline 0.001 -18"><span class='ocrx_word' id='word_1_243' title='bbox 276 3729 342 3789; x_wconf 79' lang='lat' dir='ltr'>sieri</span> <span class='ocrx_word' id='word_1_244' title='bbox 365 3729 477 3807; x_wconf 89' lang='lat' dir='ltr'>potuit,</span> <span class='ocrx_word' id='word_1_245' title='bbox 500 3744 604 3787; x_wconf 84' lang='lat' dir='ltr'>versus</span> <span class='ocrx_word' id='word_1_246' title='bbox 626 3713 776 3805; x_wconf 80' lang='lat' dir='ltr'>perpolire</span> <span class='ocrx_word' id='word_1_247' title='bbox 799 3735 829 3785; x_wconf 89' lang='lat' dir='ltr'>et</span> <span class='ocrx_word' id='word_1_248' title='bbox 851 3726 978 3804; x_wconf 81' lang='lat' dir='ltr'>levigare</span> <span class='ocrx_word' id='word_1_249' title='bbox 998 3745 1105 3804; x_wconf 89' lang='lat' dir='ltr'>operae</span> <span class='ocrx_word' id='word_1_250' title='bbox 1129 3730 1257 3807; x_wconf 88' lang='lat' dir='ltr'>pretium</span> <span class='ocrx_word' id='word_1_251' title='bbox 1277 3747 1342 3788; x_wconf 88' lang='lat' dir='ltr'>esse</span> <span class='ocrx_word' id='word_1_252' title='bbox 1362 3729 1447 3790; x_wconf 86' lang='lat' dir='ltr'>duxi-</span> 
     </span>
     <span class='ocr_line' id='line_1_34' title="bbox 276 3824 1447 3906; baseline 0 -20"><span class='ocrx_word' id='word_1_253' title='bbox 276 3845 356 3906; x_wconf 80' lang='lat' dir='ltr'>mus3</span> <span class='ocrx_word' id='word_1_254' title='bbox 390 3843 446 3905; x_wconf 85' lang='lat' dir='ltr'>qua</span> <span class='ocrx_word' id='word_1_255' title='bbox 474 3826 504 3884; x_wconf 90' lang='lat' dir='ltr'>in</span> <span class='ocrx_word' id='word_1_256' title='bbox 533 3841 566 3884; x_wconf 88' lang='lat' dir='ltr'>re</span> <span class='ocrx_word' id='word_1_257' title='bbox 594 3826 619 3884; x_wconf 90' lang='lat' dir='ltr'>si</span> <span class='ocrx_word' id='word_1_258' title='bbox 650 3826 835 3902; x_wconf 89' lang='lat' dir='ltr'>propositum</span> <span class='ocrx_word' id='word_1_259' title='bbox 864 3824 952 3884; x_wconf 89' lang='lat' dir='ltr'>linem</span> <span class='ocrx_word' id='word_1_260' title='bbox 980 3842 1039 3884; x_wconf 91' lang='lat' dir='ltr'>uon</span> <span class='ocrx_word' id='word_1_261' title='bbox 1071 3825 1158 3903; x_wconf 89' lang='lat' dir='ltr'>plene</span> <span class='ocrx_word' id='word_1_262' title='bbox 1186 3829 1314 3887; x_wconf 86' lang='lat' dir='ltr'>assecuti</span> <span class='ocrx_word' id='word_1_263' title='bbox 1342 3845 1447 3888; x_wconf 80' lang='lat' dir='ltr'>stamus</span> 
     </span>
    </p>
   </div>
   <div class='ocr_carea' id='block_1_10' title="bbox 276 4018 1446 4200">
    <p class='ocr_par' dir='ltr' id='par_1_15' title="bbox 276 4018 1446 4200">
     <span class='ocr_line' id='line_1_35' title="bbox 276 4018 1446 4100; baseline 0.002 -20"><span class='ocrx_word' id='word_1_264' title='bbox 276 4021 454 4100; x_wconf 85' lang='lat' dir='ltr'>profluxisse</span> <span class='ocrx_word' id='word_1_265' title='bbox 473 4019 626 4099; x_wconf 91' lang='lat' dir='ltr'>probabile</span> <span class='ocrx_word' id='word_1_266' title='bbox 646 4027 704 4097; x_wconf 86' lang='lat' dir='ltr'>cst,</span> <span class='ocrx_word' id='word_1_267' title='bbox 723 4018 808 4098; x_wconf 90' lang='lat' dir='ltr'>plane</span> <span class='ocrx_word' id='word_1_268' title='bbox 829 4021 1027 4094; x_wconf 85' lang='lat' dir='ltr'>restituimus,</span> <span class='ocrx_word' id='word_1_269' title='bbox 1047 4019 1163 4082; x_wconf 87' lang='lat' dir='ltr'>obstitit</span> <span class='ocrx_word' id='word_1_270' title='bbox 1182 4025 1346 4082; x_wconf 86' lang='lat' dir='ltr'>reverentia</span> <span class='ocrx_word' id='word_1_271' title='bbox 1366 4022 1446 4082; x_wconf 92' lang='lat' dir='ltr'>codi-</span> 
     </span>
     <span class='ocr_line' id='line_1_36' title="bbox 276 4115 1445 4200; baseline 0.002 -21"><span class='ocrx_word' id='word_1_272' title='bbox 276 4137 358 4198; x_wconf 86' lang='lat' dir='ltr'>cum,</span> <span class='ocrx_word' id='word_1_273' title='bbox 388 4136 514 4198; x_wconf 91' lang='lat' dir='ltr'>quorum</span> <span class='ocrx_word' id='word_1_274' title='bbox 542 4117 665 4178; x_wconf 87' lang='lat' dir='ltr'>traditas</span> <span class='ocrx_word' id='word_1_275' title='bbox 693 4115 835 4178; x_wconf 90' lang='lat' dir='ltr'>lectiones</span> <span class='ocrx_word' id='word_1_276' title='bbox 861 4126 980 4196; x_wconf 89' lang='lat' dir='ltr'>praeter</span> <span class='ocrx_word' id='word_1_277' title='bbox 1004 4121 1211 4183; x_wconf 88' lang='lat' dir='ltr'>necessitatem</span> <span class='ocrx_word' id='word_1_278' title='bbox 1233 4122 1361 4200; x_wconf 81' lang='lat' dir='ltr'>mIgrare</span> <span class='ocrx_word' id='word_1_279' title='bbox 1385 4139 1445 4182; x_wconf 91' lang='lat' dir='ltr'>non</span> 
     </span>
    </p>
   </div>
   <div class='ocr_carea' id='block_1_11' title="bbox 276 4283 1446 4518">
    <p class='ocr_par' dir='ltr' id='par_1_16' title="bbox 276 4283 1446 4518">
     <span class='ocr_line' id='line_1_37' title="bbox 366 4283 1444 4360; baseline 0.003 -17"><span class='ocrx_word' id='word_1_280' title='bbox 366 4291 392 4358; x_wconf 82' lang='grc'>1)</span> <span class='ocrx_word' id='word_1_281' title='bbox 412 4289 506 4344; x_wconf 84' lang='lat' dir='ltr'>Prima</span> <span class='ocrx_word' id='word_1_282' title='bbox 533 4289 642 4358; x_wconf 78' lang='lat' dir='ltr'>syllaba</span> <span class='ocrx_word' id='word_1_283' title='bbox 666 4289 745 4343; x_wconf 84' lang='lat' dir='ltr'>verbi</span> <span class='ocrx_word' id='word_1_284' title='bbox 772 4283 860 4342; x_wconf 73' lang='grc' dir='ltr'><em>ἀείδω</em></span> <span class='ocrx_word' id='word_1_285' title='bbox 888 4292 1034 4358; x_wconf 79' lang='lat' dir='ltr'>praeterea</span> <span class='ocrx_word' id='word_1_286' title='bbox 1060 4289 1197 4359; x_wconf 83' lang='lat' dir='ltr'>producta</span> <span class='ocrx_word' id='word_1_287' title='bbox 1225 4291 1268 4345; x_wconf 80' lang='lat' dir='ltr'>est</span> <span class='ocrx_word' id='word_1_288' title='bbox 1296 4290 1324 4345; x_wconf 90' lang='lat' dir='ltr'>iu</span> <span class='ocrx_word' id='word_1_289' title='bbox 1349 4291 1444 4360; x_wconf 83' lang='lat' dir='ltr'>hymn.</span> 
     </span>
     <span class='ocr_line' id='line_1_38' title="bbox 276 4367 1446 4439; baseline 0.004 -17"><span class='ocrx_word' id='word_1_290' title='bbox 276 4367 357 4424; x_wconf 88' lang='lat' dir='ltr'>Hom.</span> <span class='ocrx_word' id='word_1_291' title='bbox 372 4367 423 4422; x_wconf 85' lang='lat' dir='ltr'>XII</span> <span class='ocrx_word' id='word_1_292' title='bbox 438 4373 467 4436; x_wconf 80' lang='lat'>1,</span> <span class='ocrx_word' id='word_1_293' title='bbox 485 4367 620 4436; x_wconf 85' lang='lat' dir='ltr'>XVIIII,</span> <span class='ocrx_word' id='word_1_294' title='bbox 639 4367 742 4423; x_wconf 86' lang='lat' dir='ltr'>XXVII</span> <span class='ocrx_word' id='word_1_295' title='bbox 757 4375 785 4435; x_wconf 84' lang='lat'>1,</span> <span class='ocrx_word' id='word_1_296' title='bbox 805 4368 836 4424; x_wconf 94' lang='lat' dir='ltr'>ll.</span> <span class='ocrx_word' id='word_1_297' title='bbox 855 4383 932 4438; x_wconf 84' lang='lat' dir='ltr'>parv.</span> <span class='ocrx_word' id='word_1_298' title='bbox 946 4369 980 4424; x_wconf 83' lang='lat' dir='ltr'>fr.</span> <span class='ocrx_word' id='word_1_299' title='bbox 997 4375 1010 4421; x_wconf 90' lang='lat'>1</span> <span class='ocrx_word' id='word_1_300' title='bbox 1030 4371 1059 4423; x_wconf 87' lang='lat' dir='ltr'>et</span> <span class='ocrx_word' id='word_1_301' title='bbox 1077 4385 1161 4438; x_wconf 84' lang='lat' dir='ltr'>saepe</span> <span class='ocrx_word' id='word_1_302' title='bbox 1180 4368 1255 4438; x_wconf 85' lang='lat' dir='ltr'>apud</span> <span class='ocrx_word' id='word_1_303' title='bbox 1274 4368 1446 4439; x_wconf 83' lang='lat' dir='ltr'>posteriores</span> 
     </span>
     <span class='ocr_line' id='line_1_39' title="bbox 276 4447 908 4518; baseline -0.002 -15"><span class='ocrx_word' id='word_1_304' title='bbox 276 4451 386 4518; x_wconf 63' lang='lat' dir='ltr'>poetam</span> <span class='ocrx_word' id='word_1_305' title='bbox 406 4448 440 4500; x_wconf 88' lang='lat' dir='ltr'>cl.</span> <span class='ocrx_word' id='word_1_306' title='bbox 459 4447 571 4514; x_wconf 80' lang='lat' dir='ltr'>Hartel,</span> <span class='ocrx_word' id='word_1_307' title='bbox 590 4447 681 4504; x_wconf 88' lang='lat' dir='ltr'>Wien.</span> <span class='ocrx_word' id='word_1_308' title='bbox 701 4449 779 4502; x_wconf 79' lang='lat' dir='ltr'>stud.</span> <span class='ocrx_word' id='word_1_309' title='bbox 798 4449 854 4503; x_wconf 86' lang='lat'>15.</span> <span class='ocrx_word' id='word_1_310' title='bbox 875 4457 908 4502; x_wconf 67' lang='grc' dir='ltr'><strong><em>ο</em></strong></span> 
     </span>
    </p>
   </div>
   <div class='ocr_carea' id='block_1_12' title="bbox 0 0 1652 5104">
    <p class='ocr_par' dir='ltr' id='par_1_17' title="bbox 0 0 1652 5104">
     <span class='ocr_line' id='line_1_40' title="bbox 0 0 1652 5104; baseline 0 0"><span class='ocrx_word' id='word_1_311' title='bbox 0 0 1652 5104; x_wconf 95' lang='lat' dir='ltr'> </span> 
     </span>
    </p>
   </div>
  </div>
 </body>
</html>
