3280 5104
636 416 880 478 -115-

259 566 331 638 ἔσσ’
356 595 411 655 pro
435 568 493 656 εἷς,
517 596 585 638 cum
610 596 669 637 nno
689 595 783 657 eoque
804 578 888 638 lacile
907 577 1090 638 emendando
1110 578 1174 639 loco
1193 578 1341 658 Odysseae

168 695 188 754 ρ
217 672 282 736 388
312 685 436 756 excepto
466 688 534 737 ante
564 694 722 737 consonam
751 675 879 736 litteram
908 685 1047 736 occurrat
1075 684 1104 736 et
1133 676 1219 756 plena
1247 678 1340 739 lorma

168 767 240 833 ἐσσὶ
269 773 348 834 haud
380 792 447 834 raro
472 775 508 834 ab
532 774 661 834 llomero
685 781 827 852 usurpata
851 776 902 852 sit,
931 773 1060 835 Leonem
1085 775 1227 835 lleierum
1252 775 1285 836 ll.
1311 775 1341 835 Z.

169 870 208 930 lll
233 869 300 932 373
324 881 354 933 et
378 872 543 934 Nauckium
563 878 684 932 secutus
709 871 900 932 scribendum
924 871 1003 932 duxi.

259 969 418 1030 Genetiros
451 969 547 1030 dualis
575 966 704 1030 ἵπποιιν
734 960 943 1050 ὀφθαλμοῖιν
966 965 1208 1051 μαρναμένοιιν
1237 970 1343 1031 similia

167 1069 297 1127 intactos
321 1066 438 1146 reliqui,
462 1068 515 1128 sed
539 1066 610 1128 lalsa
633 1066 803 1128 diductione
823 1066 999 1145 diphthongi
1018 1086 1052 1126 ex
1072 1063 1196 1128 inomao
1216 1059 1342 1147 ὀφθαλ-

167 1163 256 1244 μοῖιν
285 1160 522 1245 μαρναμένοιιν
550 1173 708 1243 corruptos
736 1182 801 1224 esse
832 1164 938 1223 iudico.
986 1162 1046 1224 llae
1076 1167 1154 1225 enirn
1178 1167 1288 1226 formae
1312 1174 1342 1226 et

168 1261 301 1340 analogia
325 1264 529 1340 genetirorum
553 1262 761 1340 pronominum
781 1258 892 1340 σφῶιν
912 1269 942 1320 el
960 1258 1043 1322 voitu
1063 1280 1117 1322 nec
1137 1281 1195 1322 non
1215 1266 1342 1324 nominis

162 1350 376 1437 Ἱππασίδηιν
401 1359 432 1418 Λ
454 1355 517 1418 431
549 1365 665 1418 lantum
694 1375 751 1416 uon
775 1357 946 1436 llagitontur
973 1366 1004 1417 et
1026 1361 1137 1438 optime
1162 1361 1343 1440 respondent
1445 1411 1460 1436 ,

170 1459 278 1534 priscis
307 1457 496 1516 nominativis
524 1451 611 1540 ἵππῳ
640 1447 824 1540 ὀφθαλμῷ,
852 1473 979 1534 quorum
1007 1459 1148 1518 memoria
1177 1460 1206 1516 iu
1235 1477 1341 1538 prono·

171 1551 302 1616 minibus
330 1549 393 1614 νῶι
421 1561 452 1613 et
480 1551 568 1632 σφῶν
599 1563 712 1613 serrata
742 1561 800 1632 est,
832 1552 910 1612 unde
938 1546 987 1639 opi
1011 1561 1041 1614 et
1064 1546 1217 1638 oppipro
1240 1548 1288 1616 oei
1313 1565 1343 1615 et

166 1644 244 1729 σφω’
269 1649 362 1710 scribi
386 1650 525 1730 Cobetus,
551 1652 633 1712 misc.
657 1652 722 1710 crit.
746 1669 774 1728 p.
799 1647 863 1710 224
887 1651 982 1711 iussit.
1354 1717 1356 1720 ,

260 1749 412 1808 Acrisium
436 1749 601 1808 secundum
623 1745 769 1826 ἔτραφον
789 1755 818 1806 οι
837 1747 1002 1826 perlectum
1023 1750 1186 1810 secundum
1205 1745 1342 1830 τέτροφε

167 1847 386 1905 intransitivum
420 1848 477 1906 rim
509 1846 586 1924 apud
616 1844 778 1905 Homerum
812 1844 951 1906 habuisse
980 1847 1106 1925 ideoque
1133 1837 1260 1926 τράφεν
1289 1866 1343 1926 pro

166 1935 279 2022 τράφη
310 1941 341 2003 Γ
364 1941 438 2004 201.
468 1942 498 2002 Λ
527 1941 605 2022 222,
634 1935 821 2022 ἐτράφομεν
850 1961 903 2021 pro
928 1928 1118 2024 ἐτράφημεν
1146 1945 1183 2003 Ψ
1204 1941 1247 2004 84
1270 1947 1342 2004 scri-

168 2039 300 2099 bendum
332 2058 398 2100 esse
427 2040 625 2102 Buttmannus
654 2042 684 2099 in
711 2056 832 2118 gramm.
864 2041 927 2098 mai.
957 2039 983 2098 ll
1011 2038 1074 2101 307
1105 2049 1163 2100 tam
1192 2041 1343 2118 praeclare

168 2137 285 2218 docuit,
327 2146 360 2200 ut
397 2139 581 2198 verissimam
619 2136 693 2198 hanc
730 2135 966 2196 observationem
1003 2139 1032 2197 in
1072 2136 1208 2216 Ebelingi
1249 2138 1343 2198 lexico

171 2232 330 2294 Homerico
354 2253 391 2295 ne
415 2242 672 2295 commemoratam
697 2233 816 2312 quidem
841 2251 907 2292 esse
931 2236 1037 2294 merito
1061 2235 1232 2314 indigneris.

258 2331 377 2393 lliatum
402 2325 485 2412 μηδὲ
510 2331 547 2394 ἔα
571 2334 599 2393 Β
626 2329 696 2394 165.
725 2328 794 2392 181.
814 2331 844 2390 Ρ
867 2328 914 2390 16.
936 2329 1058 2394 Χ330.
1078 2333 1110 2392 Κ
1130 2330 1194 2393 530
1214 2324 1344 2394 einoldi

170 2425 247 2490 ἐῶσι
268 2427 289 2490 d
308 2413 378 2490 805
392 2439 422 2491 et
441 2425 478 2492 dl
497 2427 604 2511 ἐῶμεν
624 2443 644 2490 o
661 2427 727 2489 420
747 2428 946 2488 aliirevocate
962 2429 1131 2508 formaster,
1151 2429 1200 2489 alii
1215 2429 1343 2490 diductis

171 2526 321 2588 vocahhus
344 2520 426 2588 ἐάαν
450 2535 480 2588 et
503 2521 602 2589 ἐόασι
626 2543 778 2586 removere
802 2527 900 2586 conati
924 2536 1001 2588 sunt.
1043 2526 1189 2606 Equidem
1213 2515 1343 2604 priorem

172 2625 325 2704 rationem,
344 2626 454 2704 quippe
474 2643 548 2704 quae
570 2626 634 2702 ipsa
649 2622 705 2682 lide
720 2621 857 2683 codicum
872 2630 923 2683 eut
937 2624 1069 2684 omnium
1084 2631 1135 2684 aut
1148 2622 1344 2702 plurimorum

174 2721 199 2780 B
226 2717 351 2782 13221
375 2717 449 2782 550.
475 2721 504 2779 P
522 2717 596 2782 659.
623 2721 651 2780 Y
675 2717 745 2780 130.
770 2732 791 2779 o
813 2716 879 2780 420
902 2722 1097 2802 sustineatur,
1124 2729 1245 2782 secutus
1269 2739 1343 2782 sum.

260 2817 490 2879 Productionem
520 2816 647 2898 syllabae
672 2826 742 2877 sunt
766 2819 818 2895 qni
841 2816 988 2895 duplicata
1011 2817 1142 2878 sibilanti
1166 2817 1210 2877 vel
1233 2817 1344 2898 liquida

172 2915 265 2986 ῖσσος
298 2917 409 2974 ἴασασι
441 2913 561 2994 κνίσση
594 2912 794 2995 μητίσσομαι
827 2915 962 2993 [μμεναι
996 2907 1200 2995 ζευγνύμμεν
1232 2912 1344 2997 τιθέμ-

170 3031 267 3089 μιναι
290 3015 417 3092 exprimi
439 3013 543 3094 velint3
564 3013 600 3075 cl.
620 3011 653 3072 0.
673 3012 810 3074 Curtium
829 3013 859 3070 in
878 3010 975 3091 Leipz.
996 3011 1082 3073 Stud.
1100 3012 1139 3072 lll
1162 3009 1344 3075 189-202.

173 3107 328 3168 Praeterea
353 3110 498 3190 dubitant,
523 3127 594 3170 num
618 3109 732 3170 vocales
757 3130 784 3171 ει
806 3119 836 3170 et
856 3129 876 3190 ry
898 3109 1054 3170 verborum
1073 3103 1242 3188 fsrdpcvog
1261 3103 1345 3172 eliol-

171 3224 262 3278 τινος
290 3199 435 3280 είνάλιος
464 3199 609 3279 εἰνόδιος
631 3197 803 3286 ἠυγένειος
827 3199 970 3288 ἡνγενῄς
992 3198 1139 3288 ἠύκομος
1162 3206 1212 3268 εἰν
1233 3199 1344 3270 Ἀίδαο

173 3302 221 3364 εἰν
256 3296 469 3384 Ἀριμάσαοις
505 3307 765 3384 grammaticorum
802 3302 1080 3382 interpolationibus
1115 3305 1279 3365 debeantur
1316 3315 1346 3367 et

172 3405 369 3480 genuinarum
394 3402 555 3462 iormorum
577 3403 668 3480 feop·
692 3397 776 3462 diuo.
796 3397 885 3462 ἐναλ.
905 3396 942 3461 ἐν
959 3393 1035 3462 'mu
1056 3403 1180 3479 primam
1205 3402 1345 3482 syllabam

174 3503 200 3560 ri
227 3503 308 3562 ictus
332 3499 500 3578 producere
525 3506 663 3578 praestet.
711 3497 795 3578 Mihi,
824 3506 857 3558 ul
886 3517 954 3559 cum
978 3497 1079 3559 Tacito
1104 3500 1220 3578 loquar,
1249 3520 1345 3580 neque

172 3599 351 3658 confirmare
388 3615 451 3657 rem
489 3599 671 3676 argumentis
709 3615 806 3676 neque
843 3594 978 3656 refellere
1016 3597 1047 3655 in
1083 3598 1181 3656 animo
1215 3606 1273 3660 est:
1309 3616 1345 3658 ex

173 3697 292 3774 ingenio
316 3713 372 3756 suo
396 3697 523 3774 quisque
546 3695 644 3757 demat
668 3693 713 3754 vel
737 3692 825 3754 addat
850 3692 945 3753 fidem.

538 3877 587 3932 De
610 3876 759 3932 metricis
782 3876 981 3935 rationibus.

263 3985 284 4062 ᾗ
308 3982 360 4046 64.
406 3983 501 4065 Leges
529 3986 664 4065 dactylici
690 3987 853 4048 hexametri
877 3994 907 4046 et
930 4003 1054 4046 veneres
1078 4002 1217 4044 versuum
1241 3984 1345 4046 Home·

173 4087 306 4146 ricorum
344 4102 491 4162 exponere
528 4083 566 4144 ab
598 4082 655 4144 hoc
687 4084 752 4144 loco
785 4084 913 4144 alienum
946 4092 1005 4164 est;
1042 4100 1079 4142 ne
1112 4081 1183 4142 illud
1217 4083 1346 4164 quidem,
1392 4149 1396 4156 ,

174 4184 308 4262 quamvis
332 4200 439 4260 operae
463 4184 592 4260 pretium
616 4190 703 4262 esset,
727 4181 894 4243 edisserere
917 4182 990 4242 mihi
1008 4182 1159 4260 proposui,
1184 4199 1258 4260 quae
1278 4201 1345 4260 pro·

174 4282 317 4358 prietates
340 4277 489 4339 llomericl
517 4279 681 4340 hexametri
709 4280 769 4340 siut
792 4289 822 4340 et
846 4277 954 4358 quibus
979 4275 1068 4336 rebus
1092 4295 1142 4336 ars
1165 4277 1285 4339 llomerl
1309 4279 1345 4340 ab

174 4387 237 4438 arte
265 4383 433 4437 ceterorum
462 4384 616 4454 poetarum
644 4375 767 4436 dillerat.
815 4376 923 4436 Verum
947 4391 1022 4453 quae
1047 4391 1115 4432 cum
1140 4383 1221 4436 textu
1247 4395 1344 4437 eruen-

175 4473 272 4533 dando
300 4482 330 4533 et
363 4474 572 4534 constituendo
600 4473 759 4534 cohaerent
787 4474 975 4551 quaestiones
1004 4474 1159 4553 metricae,
1191 4491 1240 4534 eas
1268 4474 1345 4535 solas

1097 4573 1134 4626 8*
