3192 5096
600 374 862 430 urlhuoottmta
1251 373 1313 437 737

124 543 174 602 Μ
190 541 266 606 285
288 537 502 625 προσπλάζον
526 542 624 604 codd.:
656 534 864 623 κροσκλύζον
894 541 944 602 bic
973 551 1061 623 atque
1087 543 1118 602 Φ
1138 539 1203 602 270
1231 543 1318 602 resti·

200 643 354 705 tuendum
377 651 480 704 censet
504 641 695 702 Herwerden.

122 737 165 798 N
184 735 260 800 616
284 729 378 820 ῥινὸς
400 729 486 818 ὑπὲρ
508 735 661 819 πρυμνῆς
684 740 760 799 coni
785 737 977 800 iierwerden.

122 836 166 896 N
184 833 260 898 '154
284 827 426 916 ὡρμήθη
449 834 551 920 κίρκῳ
576 837 667 916 ἴρηκι
690 831 806 909 ἐοικώς
829 839 906 899 coni.
929 836 1121 898 Herwerden.

122 931 227 1006 ,2⁴90
254 929 299 1016 μή
323 955 373 1008 τις
395 925 440 995 ἔτ’
467 926 568 1008 ἄλλος
591 935 655 996 cod.
679 934 772 1017 Vrat,
796 934 874 1015 quod
901 934 1082 996 ileruerden
1105 935 1246 1014 praefert.

125 1033 158 1092 Ο
184 1029 259 1094 645
292 1034 359 1094 tort.
391 1023 509 1112 ἄντυγ’
545 1025 679 1111 ἐνάλια,
713 1051 811 1113 neque
844 1035 923 1095 enim
956 1052 991 1094 ex
1025 1033 1118 1092 forma
1150 1021 1316 1093 ἀνέπαλτο

201 1128 251 1212 (Θ
269 1128 321 1194 45.
348 1131 377 1190 Τ
392 1127 467 1194 424.
495 1123 639 1214 31634),
663 1149 752 1211 quam
775 1131 908 1212 Heynius
930 1121 1096 1192 άνεκᾶλιο
1121 1131 1242 1209 scripsit
1265 1123 1316 1212 (ci.

199 1229 345 1309 Spitzner
373 1248 435 1292 exc.
459 1223 538 1311 XVI)
567 1229 646 1292 effici
674 1231 791 1291 videtur
814 1229 976 1290 Homerum
1004 1227 1092 1290 verba
1121 1219 1264 1308 ἅλλομαι
1287 1239 1317 1289 et

197 1319 372 1408 πάλλομαι
396 1329 475 1387 inter
498 1345 529 1387 se
554 1327 734 1388 contudisse.

123 1427 163 1488 Π
179 1423 253 1488 214
269 1434 337 1486 ante
352 1424 518 1504 catalogum
529 1424 749 1505 Myrmidonum
762 1428 909 1486 insertum
925 1425 1049 1486 forsitan
1065 1428 1210 1505 scriptum
1225 1427 1315 1486 suerit

199 1512 251 1596 ὣς
280 1515 406 1605 ἄραρεν
433 1515 600 1603 κόρυθας,
633 1532 666 1584 ut
693 1521 724 1593 Ξ
740 1521 802 1585 381
833 1514 973 1602 άμειβον
1005 1522 1042 1583 de
1075 1521 1203 1585 ducibus
1235 1543 1316 1584 arma

200 1623 383 1683 commutari
406 1619 579 1682 iubentibus
603 1621 715 1681 dictum
739 1637 793 1689 est.

125 1721 167 1781 Π
186 1717 257 1782 ‘143
282 1710 436 1801 εὐεργέος
458 1717 556 1779 codd.:
580 1721 697 1796 corrige
721 1710 897 1791 scindendos
920 1718 1025 1780 collato
1053 1719 1090 1780 Ψ
1106 1716 1182 1780 436.

125 1821 159 1879 Ρ
176 1815 249 1880 342
282 1819 361 1878 iuter
393 1817 474 1878 hunc
502 1823 533 1877 et
560 1825 735 1896 sequentem
764 1834 883 1878 versum
912 1811 1006 1897 (343)
1034 1817 1221 1877 intercidisse
1253 1826 1314 1878 tres

201 1933 312 1976 versus
331 1943 373 1966 ==
394 1914 424 1975 Λ
443 1911 619 2001 211-213
639 1916 744 1976 statuit
762 1911 799 1976 Μ.
819 1913 955 1974 Schmidt
973 1915 1004 1973 in
1024 1912 1117 1973 annai.
1137 1913 1209 1993 phil.
1230 1913 1314 1977 1884

127 2113 166 2172 Σ
178 2113 243 2173 hoo
257 2129 377 2172 carmen
393 2113 491 2191 aptius
506 2109 653 2171 inscribas
663 2109 945 2172 ΠΑΤΡΟΚΛΟΤ
961 2107 1150 2170 ΝΕΚΡΟΤ
1165 2110 1315 2190 prm,

202 2210 383 2289 praesertim
407 2211 433 2268 si
456 2215 587 2269 veterem
606 2207 727 2270 Iliadem
751 2208 807 2268 hoc
831 2209 961 2269 carmine
985 2207 1097 2268 finitam
1125 2225 1190 2268 csse
1215 2209 1314 2270 duces,

129 2309 166 2368 Σ
187 2303 369 2370 132-134
392 2307 494 2366 nescio
522 2324 559 2367 an
583 2315 650 2386 post
673 2325 778 2367 versus
801 2306 831 2366 P
848 2301 1023 2368 183-214
1047 2307 1141 2366 veteri
1165 2305 1247 2369 liiadi
1271 2309 1313 2368 in·

203 2411 303 2465 sertos
326 2402 496 2482 interpolati
516 2405 588 2484 sint,
612 2404 692 2465 unde
716 2406 759 2466 sic
784 2403 853 2464 olim
873 2401 1033 2462 Homerum
1054 2403 1164 2464 dixisse
1184 2407 1314 2467 conicio:

272 2493 393 2582 χάλκεοι
416 2500 662 2584 μαρμαίροντα,
685 2493 724 2563 τά
748 2493 809 2580 μὲν
832 2497 1058 2580 κορυθαίολος
1082 2491 1212 2582 Ἕκτωρ

272 2590 392 2678 ὤμοιιν
415 2590 561 2662 ἀπέδυσε
583 2590 844 2679 κατακιαμὲνοιο
869 2590 1078 2679 Πατρόκλου.

134 2699 166 2760 Τ
183 2697 228 2760 21
254 2697 336 2758 fort:
362 2689 402 2758 τὰ
426 2691 488 2777 μὲν
512 2687 555 2778 άρ
578 2690 710 2760 τέλεσεν
732 2689 815 2769 θεός
838 2690 889 2778 (cs.
914 2696 948 2755 Σ
966 2689 1023 2779 79)
1051 2699 1146 2757 eiecto
1172 2696 1313 2758 vocabulo

203 2787 305 2876 ὅπλα,
324 2796 403 2876 quod
427 2796 498 2856 solis
517 2799 547 2858 in
567 2796 738 2858 recentibus
758 2793 940 2856 carminibus
964 2793 997 2854 Κ
1010 2791 1084 2856 254.
1103 2792 1177 2856 272.
1201 2795 1235 2854 Σ
1248 2793 1313 2858 614

203 2912 285 2956 arma
311 2895 477 2974 significare
502 2894 670 2956 observavit
693 2892 786 2956 Holm.
873 2879 876 2886 ’

136 2993 168 3052 Τ
184 2989 252 3054 333
282 3009 376 3070 aeque
409 3000 497 3072 atquc
530 2993 742 3072 interpolatum
775 3009 893 3052 versum
927 2989 980 3052 Od.
1003 2987 1110 3071 ‚1225
1143 3011 1178 3051 ex
1210 2989 1312 3054 1526

205 3093 351 3170 originem
371 3089 491 3151 duxisse
515 3091 639 3170 probavi
661 3093 692 3150 in
716 3091 964 3150 commentatione
988 3089 1047 3150 Zur
1069 3087 1188 3150 Chroni.
1212 3109 1240 3168 p.
1260 3085 1289 3151 5.

137 3191 167 3249 Y
186 3185 231 3250 74
255 3183 289 3250 οἱ
307 3177 338 3248 d’
361 3179 528 3268 ἐχάρησαν
553 3188 650 3248 codd.:
675 3183 709 3247 oi
727 3179 757 3248 d’
780 3178 955 3267 ὁμάδησαν
974 3188 1126 3265 ingeniose
1147 3188 1313 3248 emendavit

205 3284 396 3347 iicrwerden.
1302 3289 1303 3294 ’

138 3386 168 3444 Y
186 3380 319 3446 307-ss
348 3381 393 3442 vel
415 3379 554 3444 ,ooo-8
583 3383 739 3443 damnasse
767 3390 905 3442 narratur
928 3382 1142 3461 Aristophanes
1169 3401 1313 3462 gramma·

206 3485 284 3544 ticus
307 3483 338 3541 in
362 3479 483 3542 scholiis
507 3479 658 3560 Euripidis
682 3479 787 3540 Troad.
812 3498 836 3539 v.
856 3475 909 3540 44.

140 3581 172 3644 Φ
191 3577 256 3642 569
282 3574 318 3640 ἐν
342 3573 379 3640 de'
400 3568 430 3638 τ’
457 3579 492 3639 λα
516 3597 605 3658 supra
629 3578 710 3641 ard-I
728 3573 792 3640 319
816 3577 1027 3639 commendavi.

140 3679 180 3738 Ψ
198 3673 263 3740 184
287 3677 312 3736 si
336 3674 474 3736 ultimum
499 3675 608 3737 librum
632 3676 677 3736 ab.
692 3675 850 3738 Homerida
875 3675 973 3755 aliquo
999 3679 1092 3738 veteri
1116 3681 1240 3740 carmini
1264 3679 1312 3740 ad·

206 3778 317 3836 iectum
341 3776 519 3854 consentias,
542 3777 646 3836 eiectis
669 3775 806 3835 versibus
833 3771 1014 3836 185-192
1038 3793 1156 3836 versum
1184 3773 1246 3838 194
1269 3779 1312 3837 sic

206 3872 359 3934 emendes:
387 3861 432 3945 ahc
459 3864 561 3952 φάτο,
585 3866 785 3952 Πατρόκλου
813 3865 850 3934 δὲ
877 3864 988 3953 πυρὴν
1017 3867 1077 3955 (νοί
1100 3865 1215 3956 νέκυν)
1243 3872 1311 3955 ιιῦρ

207 3962 267 4033 οὐκ
290 3959 477 4050 άμάθννεν.
513 3960 613 4032 Ἔνθ’
639 3954 713 4031 αὖτ’
739 3990 767 4030 ιι.
781 3989 807 4031 ι.
823 3971 849 4031 λ.
