3276 5090
755 382 973 447 ...42-

278 535 367 630 ὦπα)
395 549 543 626 venirent,
572 546 622 608 sed
651 549 703 626 qui
726 549 803 606 intra
827 563 943 626 puppes
966 547 1085 606 navium
1109 537 1203 626 (sion
1227 530 1320 604 ὀπῶν
1344 532 1448 622 νεῶν)

277 648 372 708 coacti
395 653 495 706 essent
518 647 699 725 significatos
723 644 851 705 voluisse
871 645 987 706 videtur
1006 646 1041 723 is,
1065 644 1116 722 qui
1135 641 1204 702 libri
1223 639 1331 700 decimi
1350 640 1450 717 quinti

277 745 350 806 duas
383 752 482 824 partes
514 745 630 822 priores
658 737 704 823 (0
734 740 876 822 1-366,
905 734 1096 822 404-591)
1124 745 1154 800 et
1180 737 1257 798 hano
1285 743 1449 798 extremam

277 837 322 924 (0
344 837 535 922 592-746)
559 843 725 922 coniunxit,
748 859 808 920 quo
831 839 920 900 simili
943 838 1030 900 modo
1053 837 1090 898 ab
1113 836 1285 898 architectis
1308 827 1448 915 μετόπνι

275 939 435 1002 audiebant
467 935 504 998 ol
533 930 654 1018 μεταξὺ
686 935 753 1000 τῶν
785 935 896 1000 δοκῶν
924 925 944 1016 ἢ
972 929 1164 1017 τριγλύφων
1193 925 1280 996 draci.
1326 932 1384 994 Sed
1414 940 1450 994 ut

275 1039 351 1100 hanc
392 1037 618 1117 explicationem
658 1035 818 1114 prohemus
857 1042 887 1094 et
923 1033 1117 1113 sequentihus
1157 1031 1255 1092 verbis
1297 1024 1371 1109 scapi
1412 1019 1445 1090 d’

276 1136 419 1218 ἔσχεθον
447 1128 547 1216 ἄκραι
574 1133 662 1196 νεῶν
690 1137 891 1196 confirmatam
919 1133 1099 1212 iudicemus,
1127 1139 1224 1192 tamen
1248 1147 1307 1190 noo
1331 1127 1449 1190 benaa

276 1246 362 1314 poeta
396 1253 458 1296 rem
491 1235 656 1295 institutam
685 1252 751 1294 esse
779 1241 831 1293 tuo
861 1235 926 1293 iure
955 1231 1049 1310 dices,
1082 1227 1159 1308 quod
1189 1228 1275 1307 Aiax,
1308 1229 1360 1305 qui
1387 1228 1448 1288 ianr

277 1341 362 1394 antea
383 1333 418 1394 de
439 1334 531 1412 puppi
550 1323 699 1394 irruentes
717 1331 862 1392 Troianos
881 1329 1047 1409 reppulisse
1066 1329 1164 1390 dictus
1184 1319 1248 1388 e'rat
1262 1321 1312 1406 (cl.
1329 1326 1358 1383 0
1371 1321 1449 1386 387.

276 1429 350 1492 416.
378 1426 473 1511 435),
501 1432 609 1490 iterum
638 1423 683 1512 (0
710 1425 789 1512 676)
817 1431 935 1490 narium
964 1435 1069 1507 pontes
1100 1435 1132 1488 ut
1159 1425 1260 1486 hostes
1288 1421 1449 1503 repelleret

276 1529 445 1591 ascendisse
470 1535 615 1589 narratur.
1319 1605 1322 1612 Ι

365 1627 385 1703 ἕ
409 1624 460 1688 28.
506 1624 641 1686 llinimas
665 1627 842 1687 offensiones
867 1625 958 1686 hahet
983 1625 1070 1685 tertia
1094 1641 1163 1703 pars
1183 1621 1291 1699 Iliadis,
1315 1619 1343 1679 id
1369 1619 1450 1698 quod

279 1743 349 1785 casu
378 1734 408 1786 et
436 1725 558 1786 fortuito
586 1725 697 1784 lactum
724 1742 790 1784 esse
819 1741 855 1784 ne
883 1730 916 1784 tu
946 1724 1105 1802 putaveris.
1153 1719 1210 1780 Sed
1236 1720 1325 1780 etiam
1348 1719 1450 1778 minus

278 1821 350 1882 mihi
378 1819 520 1898 probatur
543 1819 676 1901 Wolfius,
705 1824 755 1900 qui
779 1824 809 1881 in
834 1819 906 1900 prol.
930 1841 956 1882 c.
979 1817 1020 1880 31
1047 1839 1098 1880 sex
1122 1819 1241 1881 ultimas
1264 1816 1449 1896 rhapsodias,

275 1937 344 1980 cnm
368 1937 470 1978 earum
489 1917 618 1979 colorem
638 1927 668 1980 ct
687 1921 949 1982 conformationem
968 1937 1146 1999 magnopere
1166 1937 1182 1978 a
1200 1918 1309 1978 ceteris
1328 1915 1450 1977 dilierre

276 2019 431 2097 sensisset,
464 2023 564 2096 postea
597 2007 716 2078 demum
749 2019 863 2082 additas
895 2037 961 2080 esse
992 2019 1074 2080 dixit.
1120 2015 1204 2076 Nulla
1234 2032 1303 2074 vero
1331 2013 1386 2073 alia
1415 2031 1449 2072 re

275 2117 456 2178 Lachmanui
483 2121 513 2174 et
536 2113 669 2176 Koechlii
699 2119 828 2178 carmina
858 2119 986 2178 sedecim
1015 2119 1045 2178 in
1069 2117 1166 2176 locum
1191 2116 1281 2174 unius
1303 2113 1450 2190 poematis

276 2213 436 2274 substituta
457 2215 549 2290 magis
567 2213 792 2296 displicuerunt,
812 2235 900 2295 quam
919 2215 997 2294 quod
1018 2233 1055 2274 ne
1070 2212 1191 2274 Achillis
1210 2211 1329 2291 quidem
1345 2227 1450 2270 recon-

276 2311 455 2374 ciliationem
479 2329 546 2370 curn
571 2310 788 2389 Agamemnone
811 2322 841 2374 et
865 2313 1002 2374 llactoris
1025 2311 1154 2390 caedem,
1178 2327 1267 2389 quam
1289 2306 1450 2368 medullam

276 2411 367 2470 totius
392 2405 505 2468 fabulae
530 2425 595 2468 esse
614 2415 666 2469 tuo
690 2411 754 2470 iure
773 2411 863 2491 dicas,
887 2413 917 2472 in
937 2419 1067 2472 veterem
1087 2427 1171 2470 suam
1189 2408 1309 2469 lliadem
1328 2423 1449 2484 recepe-

275 2513 354 2569 runt.
388 2505 538 2566 Immerito
557 2513 657 2566 autem
672 2505 777 2568 Wolfio
797 2511 828 2570 in
847 2518 977 2572 extrema
997 2517 1082 2587 parte
1099 2507 1199 2569 lliadis
1217 2524 1320 2567 omnes
1340 2523 1450 2568 nervos

275 2625 308 2666 ac
333 2606 470 2685 spiritum
495 2603 685 2666 homericum
710 2605 836 2666 delicere
862 2608 939 2666 risos
963 2625 1028 2666 csse
1052 2604 1215 2684 prudentes
1238 2603 1352 2664 iudices
1377 2621 1449 2664 cum

274 2702 324 2762 alii
347 2710 411 2761 tum
436 2699 527 2760 Maur.
548 2701 744 2783 SchmidtiuS,
764 2703 829 2764 mel.
849 2703 932 2764 Hom.
952 2703 965 2763 l
988 2713 1018 2764 et
1037 2704 1101 2763 Car.
1122 2701 1264 2762 Lehrsius
1283 2701 1320 2764 de
1339 2695 1449 2761 hrist²

275 2819 302 2879 p.
321 2796 387 2859 433
407 2800 480 2860 scite
500 2807 688 2860 monuerunt.
717 2801 793 2862 Sunt
811 2804 890 2862 enim
905 2821 980 2880 quae
996 2801 1149 2879 splendide
1164 2803 1277 2860 niteant
1291 2806 1321 2860 et
1335 2797 1447 2878 simpli·

275 2901 394 2959 citatem
424 2900 612 2976 vigoremque
641 2901 749 2960 ueteris
776 2902 876 2979 poesis
904 2918 974 2978 prac
999 2917 1030 2960 se
1055 2899 1163 2977 ierant,
1191 2897 1271 2958 velut
1293 2914 1391 2974 pugna
1415 2897 1447 2955 in

274 2998 339 3076 ripa
354 2995 526 3056 Scamandri
545 2997 709 3076 commissa,
729 2995 864 3058 Priamus
883 2997 919 3057 dc
937 3015 1024 3058 muro
1043 2996 1135 3056 silium
1150 2994 1307 3056 Hectorem
1328 2999 1361 3053 ut
1375 3011 1448 3053 suae

276 3094 365 3154 saluti
387 3094 549 3170 prospiciat
567 3089 738 3175 implorans,
761 3096 890 3156 Achilles
909 3104 955 3156 ter
973 3093 1131 3154 Hectorem
1151 3093 1237 3171 qnasi
1255 3092 1347 3152 ieram
1366 3091 1449 3152 circa

275 3210 393 3252 murum
424 3198 559 3271 renatus,
587 3190 715 3270 denique
744 3193 818 3254 nulli
841 3194 936 3274 Lycii,
963 3194 1051 3271 pauci
1073 3191 1173 3253 duces.
1220 3190 1365 3250 Nimirum
1389 3189 1447 3251 hoc

274 3292 386 3368 ipsum,
415 3290 493 3368 quod
525 3288 654 3350 Achilles
681 3309 774 3370 paene
802 3292 883 3352 solus
912 3309 973 3352 rem
1002 3291 1062 3366 agit
1084 3295 1312 3366 ceterorumque
1336 3288 1447 3350 ducum

274 3388 337 3447 lere
369 3386 465 3448 nullae
494 3394 595 3466 partes
623 3396 706 3467 sunt,
739 3388 881 3449 indicium
909 3397 955 3450 est
983 3389 1092 3448 ueteris
1120 3385 1325 3464 simplicitatis.
1371 3387 1448 3448 Nam

275 3486 507 3546 vetustissimum
532 3485 670 3564 quodque
693 3505 812 3547 carmen
832 3486 932 3547 lliadis
954 3488 985 3546 in
1009 3483 1214 3564 praedicandis
1237 3491 1288 3545 aut
1312 3501 1371 3546 uno
1394 3493 1448 3548 aut

274 3584 377 3664 paucis
406 3583 478 3642 uiris
507 3591 654 3663 versatur,
683 3586 864 3663 recentiora,
891 3602 959 3644 cum
984 3583 1085 3644 laudes
1108 3584 1241 3644 omnium
1264 3581 1448 3646 Graecorum

273 3681 404 3743 carnrine
424 3679 512 3740 lliaco
531 3681 743 3759 comprehendi
761 3691 882 3761 coeptae
897 3689 1007 3762 essent,
1020 3680 1215 3741 versicolores
1228 3681 1447 3761 descriptiones

274 3799 441 3860 pugnarum
465 3779 613 3840 exhibent.
651 3779 735 3850 Quod
760 3789 859 3841 autem
883 3780 1060 3840 narrationis
1084 3779 1166 3839 filum
1189 3781 1219 3838 ln
1239 3779 1342 3840 ultima
1361 3788 1447 3860 parte

273 3877 371 3940 Iliadis
395 3878 457 3938 iere
482 3884 562 3936 recta
586 3877 661 3938 linea
685 3878 818 3938 decurrit
841 3895 938 3956 neque
961 3876 1180 3954 impedimentis
1208 3875 1359 3957 turbatur,
1388 3877 1447 3939 hoc

274 3976 342 4035 inde
371 3976 481 4036 sactum
509 3993 574 4034 esse
605 3975 732 4055 ridetur,
760 3977 838 4054 quod
867 3975 951 4054 prior
977 3982 1007 4034 et
1029 3975 1126 4035 media
1148 3982 1248 4054 partes
1272 3974 1383 4056 lindie,
1413 3984 1447 4036 nt

274 4091 347 4152 quas
370 4076 482 4152 primas
509 4081 595 4152 poeta
618 4091 776 4151 aggressus
800 4076 851 4153 sit,
874 4071 965 4132 multa
989 4073 1129 4153 deinceps
1152 4075 1335 4133 incrementa
1359 4092 1446 4152 cepe-

274 4180 358 4252 runt,
385 4180 515 4232 extrema
543 4172 699 4232 maximam
728 4179 842 4251 partem
870 4172 989 4248 corpori
1016 4173 1074 4230 iam
1096 4171 1229 4250 perlecto
1253 4171 1367 4232 adiecta
1390 4180 1446 4233 est

363 4267 471 4330 Verum
495 4271 574 4330 enim
600 4287 669 4330 vero
693 4287 730 4330 no
754 4269 825 4329 haec
851 4268 952 4330 ultima
975 4269 1095 4347 quidem
1118 4287 1187 4348 pars
1210 4270 1297 4330 nodis
1321 4289 1446 4350 serupu-

275 4365 370 4445 lisque
398 4364 483 4445 plane
512 4377 602 4428 caret.
648 4366 681 4427 ln
709 4368 813 4447 primis
841 4369 871 4427 in
900 4367 1039 4426 vicesimo
1067 4368 1163 4446 primo
1191 4365 1267 4427 libro
1287 4367 1447 4448 aliquoties

275 4461 452 4522 offendimur
472 4471 502 4523 et
521 4471 690 4524 consuetam
707 4463 827 4524 Hnmeri
845 4465 1088 4545 perspicuitatem
1108 4463 1319 4527 desideramus.
1346 4468 1447 4546 Atque
