3306 5070
660 277 811 329 ΙΛΙΑΔΟΣ
830 279 869 328 Iv

179 441 261 520 ειγῇ,
285 437 437 502 δειδιότεε
461 437 671 518 εημάντοραε·
703 438 784 520 ἀμφὶ
808 441 843 502 δὲ
867 442 960 504 πᾶειν

177 542 295 622 τεύχεα
319 545 434 610 ποικίλ’
457 545 591 627 ἔλαμπε,
615 547 655 611 τὰ
677 548 813 626 ίειμένοι
838 546 1037 625 έετιχόωντο.

178 651 287 730 Τρώεε
311 651 347 733 δ’,
371 653 415 718 ώε
438 651 465 717 τ’
489 652 554 719 ὀιεε
577 653 830 734 πολυπάμμονο(
853 653 970 732 ἀνδρὸε
994 653 1030 718 ἐν
1054 653 1135 739 αὐλῇ

176 759 284 838 μυρίαι
307 760 467 840 ἑετήκαειν
491 759 705 842 ἀμελγόμεναι
727 762 812 839 γάλα
836 760 964 844 λευκόν,

178 865 292 946 ἀΖηχὲε
317 873 484 948 μεμακυῖαι
507 867 677 935 ὀκούουεαι
700 868 767 934 ὄπα
790 872 930 948 ίαρνών,
1013 865 1016 871 ’

178 973 223 1037 ώε
247 975 368 1053 Τρώων
392 974 551 1054 ἀλαλητόε
574 975 637 1042 ἀνά
660 977 795 1055 ετρατόν
819 975 915 1054 εὐρὺν
938 975 1067 1054 ὀρώρει·

178 1081 218 1144 οὐ
242 1082 302 1160 γὰρ
327 1081 458 1148 πάντων
481 1084 538 1164 ἦεν
557 1084 640 1164 δμόε
664 1084 760 1164 θρόοε
784 1081 854 1148 οὐδ’
875 1082 909 1146 ἴα
927 1087 1038 1162 γῆρυς,

177 1186 261 1251 ἀλλὰ
283 1189 397 1266 γλώεε’
418 1191 576 1271 ἐμέμικτο,
600 1193 794 1270 πολύκλητοι
818 1189 848 1254 δ’
870 1189 946 1254 ἔεαν
968 1188 1090 1268 ἄνδρεε.

177 1292 258 1373 ώρεε
282 1297 317 1360 δὲ
341 1299 416 1361 τοὺε
442 1300 499 1377 μὲν
522 1297 632 1380 Ἄρηι,
655 1302 730 1364 τοὺε
754 1301 789 1362 δὲ
813 1301 996 1375 γλαυκῶπι(
1020 1295 1147 1376 Ἀθήνη,

177 1402 298 1481 Δεῑμόε
321 1400 349 1467 τ’
371 1402 428 1482 ἠδὲ
452 1405 558 1486 Φόβοι
582 1408 632 1471 καὶ
655 1405 739 1484 Ἐριε
763 1404 884 1485 ἄμοτον
907 1408 1056 1482 μεμαυῖα,

175 1505 289 1586 Ἀρεοε
313 1509 532 1591 ἀνδροφόνοιο
556 1515 725 1593 καειγνήτη
749 1512 844 1591 ἑτάρη
868 1534 916 1590 τε,

174 1616 195 1694 ἥ
219 1613 246 1680 τ’
268 1615 360 1696 ὀλίγη
385 1619 442 1696 μὲν
466 1623 578 1699 πρώτα
601 1621 796 1700 κορύεεεται,
821 1619 920 1698 αὐτὰρ
944 1616 1054 1681 ἔπειτα

175 1721 305 1808 οὐρανῷ
328 1726 465 1804 ἐετήριξε
490 1727 569 1806 κάρη
594 1730 643 1792 καί
666 1729 719 1792 ἐπὶ
742 1727 833 1806 χθονί
858 1725 965 1806 βαίνει.

174 1830 194 1907 ἥ
219 1850 293 1908 εφιν
316 1833 366 1894 καὶ
389 1832 462 1897 τότε
487 1839 592 1898 νείκο(
615 1834 740 1915 ὀμοίιον
762 1834 880 1914 ἔμβαλε
905 1834 1005 1914 μέεειμ

174 1935 332 2017 ἐρχομένη
357 1937 425 2002 καθ’
448 1938 573 2019 ὅμιλον,
597 1939 782 2020 ἀφέλλουεα
806 1940 920 2005 ετόνον
943 1937 1079 2016 ἀνδρών.

264 2045 294 2107 οἳ
319 2043 346 2108 δ’
369 2045 423 2110 ὅτε
448 2049 487 2126 δή
511 2045 539 2125 ῥ’
562 2047 595 2112 ἐε
618 2051 727 2127 χώραν
750 2047 808 2113 ἕνα
831 2045 991 2113 ξυνιόντεε
1014 2045 1136 2123 ἵκοντο,

175 2150 232 2213 εύν
255 2149 283 2229 ῥ’
306 2151 425 2231 ἔβαλον
448 2153 586 2232 ίρινούε,
611 2154 667 2218 εὐν
691 2152 719 2217 δ’
742 2153 840 2232 ἔγχεα
864 2154 914 2217 καὶ
938 2149 1021 2230 μένε’
1045 2149 1173 2228 ἀνδρῶν

174 2245 460 2339 χαλκεοθωρήκων·
493 2259 573 2339 ἀτὰρ
597 2259 725 2326 ἀεπίδεε
748 2259 964 2339 ὀμφαλόεεεαι

173 2361 304 2443 ἔπληντ’
327 2364 491 2450 ἀλλήλῃει,
515 2369 615 2432 πολὺ(
639 2366 669 2431 δ’
692 2367 873 2446 ὀρυμαγδόε
896 2366 1021 2445 ὀρώρει.

173 2469 253 2534 ἔνθα
276 2469 304 2535 δ’
326 2471 379 2551 ἅμ’
402 2473 522 2553 οἰμωγή
545 2495 580 2539 τε
605 2475 656 2540 καί
679 2475 804 2554 εὐχωλὴ
829 2475 927 2540 πέλεν
951 2472 1078 2551 ἀνδρῶν

175 2575 343 2644 ὀλλύντων
365 2601 400 2644 τε
424 2581 474 2644 καί
498 2578 697 2661 ὀλλυμένων,
722 2581 793 2660 όέίε
817 2579 846 2644 δ’
869 2580 974 2660 αἵματι
997 2584 1082 2656 γαῖα.

175 2683 221 2748 ώε
245 2683 273 2749 δ>
296 2685 350 2751 ότε
375 2687 538 2767 χείμαρροι
562 2689 700 2767 ποταμοί
723 2685 791 2776 κατ’
813 2686 925 2767 όρεεφι
949 2687 1096 2766 ῥέίοντεε

173 2791 207 2854 ἐε
231 2792 432 2870 μιεγάγκειαν
456 2793 671 2875 ευμβάλλετον
694 2793 826 2874 ὄβριμον
851 2795 938 2874 ὕδωρ

171 2901 319 2975 κρουνῶν
342 2900 377 2964 ἐκ
400 2900 562 2981 μεγάλων,
586 2903 693 2980 κοίλη(
717 2901 846 2967 ἔντοεθε
871 2901 1044 2981 χαράδρηε·

172 3008 239 3068 τῶν
262 3008 297 3070 δέ
321 3027 355 3072 τε
378 3007 492 3088 τηλόεε
516 3013 641 3073 δοῦπον
664 3009 700 3072 ἐν
724 3008 849 3088 οὐρεειν
873 3007 967 3072 ἔκλυε
990 3011 1120 3088 ποιμήν·

174 3111 219 3175 ὣε
242 3116 308 3178 τῶν
330 3117 528 3195 μιεγομένων
551 3117 664 3194 γένετο
688 3118 779 3196 Ἑιαχή
803 3136 838 3178 τε
862 3113 964 3180 πόνοι
987 3135 1030 3180 τε.

266 3225 393 3300 πρώτοε
417 3221 445 3286 δ’
469 3221 650 3300 Ἀντίλοχοε
674 3222 796 3300 Τρώων
820 3223 894 3286 ἕλεν
917 3221 1019 3300 ἄνδρα
1042 3225 1196 3304 κορυετήν

174 3325 288 3391 έεθλόν
312 3329 359 3392 ἐνί
383 3329 584 3409 προμάχοιει,
610 3329 811 3407 Θαλυειάδην
834 3327 1031 3407 Ἐχέπωλον·

176 3431 233 3495 τόν
257 3432 289 3512 ῥ’
312 3433 406 3515 ἔβαλε
431 3441 559 3516 πρώτοε
583 3436 718 3516 κόρυθοε
741 3435 850 3515 φάλον
873 3436 1093 3516 ἱπποδαεείηε,

243 3596 296 3645 440
314 3591 349 3647 ef.
370 3596 460 3648 Ε739
514 3600 687 3648 446-51=
712 3595 826 3647 &eo—6
881 3599 1075 3648 451⁸=A83
1130 3597 1340 3649 456=H36e

242 3728 294 3777 433
314 3723 533 3798 πολυπείρμοιιος
552 3727 598 3781 cl)
617 3727 785 3796 Hesychius:
808 3723 1007 3798 πολυπάμονος
1026 3728 1064 3796 Α,
1083 3728 1224 3796 receptam
1244 3727 1339 3781 lectio-

171 3818 235 3856 nem
254 3803 380 3860 defendit
402 3807 533 3862 Himiehe
557 3809 591 3862 de
615 3808 690 3862 hom.
710 3807 776 3862 eloe.
798 3810 866 3862 vesi.
886 3807 955 3862 aeol.
978 3827 1004 3877 p.
1025 3812 1074 3874 59,
1093 3807 1129 3862 οί.
1149 3807 1219 3876 prol.
1239 3826 1264 3876 p.
1282 3812 1340 3861 12⁷.

172 3889 224 3938 434
244 3880 380 3954 ἑστήκασι
399 3887 478 3942 codd.
499 3888 567 3944 deti.
650 3893 792 3942 440-445
811 3888 931 3946 damnat
946 3887 1029 3942 Duhn
1049 3888 1084 3942 de
1102 3886 1223 3942 Menelai
1241 3885 1342 3942 itinere

169 3981 198 4033 p.
217 3969 251 4019 47
361 3972 411 4021 441
432 3985 484 4022 om.
501 3969 609 4022 Townl.
717 3974 769 4022 446
793 3985 852 4036 sqq.
872 3968 1017 4022 exordium
1034 3967 1101 4022 libri
1119 3967 1196 4022 tertii
1216 3970 1342 4021 ΓΙ-Ιό

172 4044 298 4114 excipere
316 4047 448 4115 poterant
523 4053 576 4101 449
594 4042 736 4115 ἀλλήλοισι
755 4047 801 4102 OD
878 4052 930 4102 452
951 4046 1046 4116 ῥέοντι
1067 4047 1096 4116 Ο,
1116 4047 1179 4102 fori
1199 4042 1340 4118 χειμάρρου

169 4121 285 4195 ποταμώ
306 4119 371 4180 κατ’
392 4123 492 4194 ὄρεσφι
511 4123 622 4195 (idone,
651 4125 772 4180 solutam
791 4128 909 4181 sormam
927 4125 1073 4198 χειμάροοι
1092 4129 1121 4181 ολ
1139 4126 1184 4181 hie
1204 4129 1233 4182 et
1252 4130 1276 4180 E
1294 4133 1337 4183 88.

170 4209 192 4256 Α
211 4209 263 4260 493
282 4204 484 4260 restituendam
504 4222 562 4260 esse
581 4205 650 4260 mihi
670 4207 808 4275 persuasit
826 4205 893 4260 Sittl
970 4213 1022 4262 453
1041 4204 1226 4276 μισγάγρειαν
1245 4207 1268 4260 D

169 4289 222 4337 4⁶5
240 4281 353 4354 τηλόσει
377 4307 418 4357 γρ.
438 4281 537 4354 τηλόθι
562 4287 639 4340 Ηιιτί.
746 4291 798 4338 4όό
816 4282 904 4348 πόνος
923 4288 982 4342 Are
1002 4283 1091 4359 φόβος
1109 4286 1194 4356 ecl),
1214 4289 1246 4341 οὐ
1264 4291 1340 4346 reete

167 4364 272 4433 legitur
292 4369 392 4422 [1366.
