3280 5104
646 421 682 430 -
734 365 806 448 333
842 417 881 430 -

178 545 276 625 Atque
308 545 364 606 bac
396 548 645 610 rei·dillicultate
674 549 898 610 recentissimus
926 547 1046 608 Homeri
1075 548 1172 609 editor
1199 547 1350 608 Nauckius

177 643 325 706 adductus
349 663 414 706 esse
439 647 564 726 videtur,
589 654 622 708 ut
645 631 748 727 131333,
771 644 881 726 quibus
904 647 1096 726 grammatici,
1119 664 1187 706 cum
1211 646 1351 724 digammi

179 744 237 806 vim
247 761 307 802 non
318 746 531 825 percepissent,
546 747 708 824 genuinum
718 747 846 806 nitorem
857 745 1021 804 carminum
1032 743 1229 824 foedaverant,
1240 746 1352 804 eiceret

178 842 286 920 onmia,
311 839 449 922 litteram,
472 861 547 923 qnae
566 829 634 903 cum
654 843 822 904 obiceretur
840 842 905 902 illas
924 841 1167 922 interpolationes
1186 851 1351 923 pepererat,

179 941 274 1017 ipsam
311 958 458 1019 reponere
495 961 554 1002 uon
591 941 722 1004 auderet.
768 941 860 1003 Video
893 940 982 1001 buius
1015 938 1131 1000 consilii
1163 939 1350 1020 prudentiam

180 1037 281 1098 multis
310 1045 341 1098 et
369 1039 553 1117 sapientibus
580 1042 652 1102 viris
675 1060 744 1102 cum
767 1040 832 1102 aliis
865 1048 929 1101 tum
956 1037 1026 1098 Ero.
1057 1037 1187 1118 Knbnio,
1221 1037 1350 1117 collegae

179 1137 438 1216 coniunctissimo,
476 1137 623 1220 probari,
647 1140 784 1219 equidem
817 1138 907 1200 ardua
941 1136 1039 1196 moliri
1071 1155 1159 1215 quam
1191 1138 1222 1197 in
1255 1136 1351 1197 medio

180 1235 287 1294 itinere
316 1233 480 1296 subsistere
508 1235 598 1297 malui
626 1257 722 1316 neque
747 1237 826 1316 quod
850 1239 931 1297 omni
954 1254 989 1295 33
1013 1242 1097 1312 parte
1121 1236 1265 1312 integram
1289 1253 1351 1295 car-

180 1333 294 1393 minum
322 1332 549 1395 Homericorum
579 1339 707 1415 speciem
738 1337 857 1397 restitui
884 1351 972 1413 posse
995 1332 1231 1420 desperavimus,
1254 1339 1352 1392 certas

180 1449 300 1511 quoqne
341 1432 563 1493 emendationes
607 1435 706 1494 traditi
749 1443 848 1495 textus
889 1430 1054 1492 reiciendas
1090 1437 1142 1491 331
1174 1429 1352 1491 dillercndas

180 1546 246 1588 csse
270 1528 418 1590 duximus.
455 1530 536 1600 Quas
559 1539 658 1592 autem
682 1534 813 1593 rationes
836 1534 867 1590 in
886 1531 1033 1609 digammo
1052 1529 1238 1590 restituendo
1257 1528 1352 1588 secuti

180 1630 283 1709 simus,
307 1645 396 1707 quam
420 1628 594 1690 brevissime
617 1632 890 1708 iam‘erponemus.

572 1798 621 1853 De
644 1795 764 1854 initiali
785 1795 966 1866 digamma.

269 1911 366 1990 596.
412 1915 526 1977 luitiale
560 1917 706 1996 digamma
738 1925 806 1977 ante
840 1916 969 1977 vocalem
1003 1935 1077 1994 quae
1111 1914 1250 1976 vocabula
1283 1912 1352 1974 olim

182 2010 323 2072 babuisse
351 2015 530 2075 testimoniis
559 2014 712 2077 titulorum
736 2019 1055 2096 grammaticorumque
1079 2024 1109 2075 31
1132 2016 1246 2092 origine
1271 2031 1350 2072 voca·

180 2109 243 2170 buli
258 2113 404 2191 cuiusque
419 2114 660 2194 comprobantur,
675 2115 704 2175 id
720 2115 773 2176 3113
789 2115 911 2175 11333331
930 2113 1113 2191 temporibus
1127 2113 1277 2190 integrum
1292 2128 1352 2169 ser·

181 2207 304 2290 vabant,
333 2210 388 2270 3113
412 2211 530 2272 abicere
554 2221 731 2293 coeperunt,
755 2213 809 2272 alia
834 2213 962 2291 denique
985 2213 1043 2270 iam
1067 2209 1153 2288 plane
1176 2208 1353 2271 obiecerant.

179 2307 277 2386 Atque
302 2308 388 2386 plena
413 2312 533 2390 quidem
556 2315 612 2373 vita
632 2308 1167 2374 13331331331111333131113113333333
1187 2307 1355 2388 verborum,

182 2424 257 2484 quae
282 2411 417 2485 quamvis
441 2409 547 2470 crebro
571 2419 739 2490 occurrant,
764 2427 910 2488 nusquam
934 2416 1032 2468 tamen
1051 2417 1102 2468 aut
1120 2409 1223 2486 paucis
1242 2414 1273 2467 et
1291 2423 1353 2466 cor·

182 2505 280 2581 ruptis
305 2504 378 2564 loeis
401 2525 467 2567 eam
490 2518 696 2587 aspernantur.
742 2507 854 2569 Horum
877 2508 909 2567 in
933 2525 1057 2568 numero
1082 2507 1217 2566 luerunt:

269 2602 342 2663 feto
373 2599 433 2664 333
467 2604 533 2666 eod
560 2609 619 2668 fot
640 2601 683 2667 fe'
706 2601 821 2666 fe'lisv·
856 2605 1040 2684 pronominis
1073 2603 1179 2662 tertiae
1210 2617 1354 2680 personae

182 2717 287 2780 casus,
319 2719 388 2761 curn
421 2702 490 2763 olim
534 2701 619 2764 3ῐοῦ
665 2705 743 2766 ofni
782 2700 843 2767 3Ξέ
882 2697 1005 2764 ardeae
1046 2700 1210 2762 audiissent
1246 2707 1277 2758 et
1319 2717 1354 2757 ne

181 2796 331 2858 Pisistrati
360 2800 480 2878 quidem
508 2801 693 2881 temporibus
717 2803 864 2882 digamma
888 2819 1012 2880 prorsus
1034 2808 1185 2880 33333331,
1208 2815 1356 2876 nusquam

182 2895 388 2958 antecedentis
422 2898 504 2960 verbi
538 2899 666 2960 vocalem
700 2901 816 2961 dualem
850 2902 985 2960 hausisse
1017 2905 1132 2959 certum
1163 2905 1218 2958 est.
1264 2896 1355 2957 Pauci

183 2997 234 3073 331
258 2994 402 3072 refragari
426 2996 601 3058 videbantur
624 2997 682 3058 loci
706 2999 733 3060 Β
757 2995 830 3059 665.
855 2999 882 3058 Ζ
905 2995 956 3058 90.
983 2995 1053 3058 101.
1078 2993 1151 3058 259.
1177 2996 1207 3055 A
1228 2991 1301 3055 339.
1321 2992 1356 3052 Ν

182 3089 257 3153 eet.
280 3087 310 3162 Ξ
334 3091 405 3154 162.
429 3096 466 3154 Π
488 3092 560 3156 733.
587 3095 618 3155 Τ
636 3093 710 3156 384.
736 3097 765 3156 Y
785 3094 858 3159 282.
887 3093 1018 3158 weda.
1042 3091 1149 3155 3133.
1175 3091 1217 3154 72
1241 3091 1355 3152 13311333

172 3189 378 3252 admittebant
410 3192 659 3274 emendationem,
693 3212 784 3273 unus,
817 3213 876 3274 quo
909 3194 945 3254 de
978 3191 1160 3254 emendando
1192 3190 1355 3269 ambigunt,

183 3307 289 3350 versus
313 3289 344 3349 E
366 3287 431 3351 338
457 3293 556 3356 333313
580 3311 616 3352 33
641 3291 847 3370 interpolatori
870 3291 1022 3352 debeatur.

272 3379 333 3459 rog
350 3380 394 3468 lq
413 3381 491 3450 3633
515 3407 678 3468 pronomen
697 3392 908 3470 possessivum,
927 3390 1060 3469 quamvis
1079 3387 1115 3448 ab
1135 3387 1237 3448 cadem
1257 3387 1356 3448 radice

184 3493 273 3563 atque
288 3485 443 3564 personale
458 3495 634 3565 prognatum
650 3489 697 3568 sit,
711 3489 796 3566 prius
806 3495 904 3548 tamen
918 3487 1063 3566 digamma
1078 3486 1220 3547 abiecisse
1232 3484 1357 3563 videtur,

168 3585 271 3660 ¹cuius
286 3585 330 3643 rei
344 3583 555 3646 documentum
570 3583 720 3646 Hartelius
734 3585 819 3647 Hom.
830 3586 914 3647 Stnd.
929 3584 968 3645 111
984 3581 1026 3646 75
1040 3603 1076 3646 ex
1092 3604 1126 3644 en
1141 3603 1258 3664 quoque
1274 3602 1356 3662 vepe-

184 3681 309 3741 tendum
332 3699 399 3742 esse
422 3683 533 3764 docuit,
556 3685 634 3764 qnod
659 3692 727 3745 3313
751 3702 914 3763 pronomen
938 3686 1139 3762 possessivum
1162 3675 1223 3763 οὐχ
1243 3689 1358 3761 31333,

185 3797 244 3839 333
275 3786 306 3838 31
334 3787 403 3840 3313
431 3782 585 3860 personale
613 3774 655 3844 οὐ
683 3791 713 3843 31
739 3801 776 3843 κε
799 3785 830 3843 13
854 3782 1007 3844 codicibus
1030 3786 1175 3861 scriptum
1199 3789 1253 3840 est.
1299 3778 1358 3848 Qui

185 3877 243 3937 loci
272 3887 486 3940 consonantem
513 3881 656 3942 initialem
685 3899 828 3960 respuere
857 3882 995 3942 videntur
1022 3883 1055 3942 A
1081 3878 1155 3940 609.
1179 3879 1210 3940 Ε
1234 3875 1305 3938 teo.
1331 3879 1357 3938 Ζ

185 3973 261 4035 414.
292 3975 323 4034 Λ
350 3973 424 4038 517.
452 3979 495 4038 Μ
520 3977 592 4041 162.
622 3980 660 4039 Π
683 3977 759 4042 522.
790 3979 820 4040 Τ
843 3977 875 4042 4.
906 3979 943 4039 Ψ
970 3977 1031 4039 748
1056 3984 1106 4038 331
1130 3974 1283 4036 emendavi
1307 3984 1359 4035 aut

186 4073 388 4136 emendandos
416 4077 592 4160 significavi,
620 4095 724 4138 333333
752 4087 852 4139 autem
874 4077 904 4137 Θ
927 4073 1001 4138 535.
1024 4076 1053 4136 0
1075 4071 1139 4136 391
1164 4073 1358 4152 interpolatos

187 4191 253 4232 3333
286 4171 352 4232 31113
385 4191 503 4254 qnoque
536 4178 633 4237 causis
661 4182 786 4237 constat.
837 4174 971 4254 Denique
1002 4190 1120 4234 uersum
1153 4170 1358 4238 formulariutn

186 4264 232 4352 (A
260 4268 337 4332 403.
364 4272 393 4331 Ρ
417 4270 469 4333 90.
496 4273 531 4332 Σ
555 4270 585 4335 5.
616 4276 645 4334 Υ
670 4271 744 4337 343.
775 4274 806 4334 Φ
834 4269 886 4334 53.
914 4267 987 4333 552.
1016 4271 1045 4330 X
1073 4267 1163 4342 933
1186 4265 1259 4332 298.
1283 4265 1358 4330 355.

188 4368 262 4432 tot.
285 4363 367 4452 464)
396 4361 544 4451 ὀχθήσας
573 4363 605 4432 d'
635 4365 700 4454 ἄρα
727 4372 821 4433 fatas
843 4361 927 4452 πρὸς
950 4357 990 4429 ὃν
1014 4359 1221 4449 μεγαλήτορα
1244 4359 1359 4449 θυμόν

190 4469 334 4531 intactum
358 4467 528 4548 relinquere
551 4469 651 4533 malui.
687 4469 826 4540 Quamvis
849 4469 927 4528 enim
952 4465 1021 4527 olim
1039 4458 1229 4530 3313333333
1247 4466 1358 4530 dictum
