3276 5090
754 373 973 437 ...30-

282 537 417 611 mittunt,
450 543 530 596 certa
563 535 694 614 exempla
726 545 842 597 exstant
874 539 903 596 iu
937 537 1045 616 hymno
1078 537 1222 617 Apollinis
1254 537 1352 617 Pythii
1376 537 1452 600 278.

282 630 355 693 308.
379 627 487 712 3233)

369 729 470 807 Pugna
504 729 683 807 Sarpedonis
716 748 784 792 cum
816 729 986 811 Tlepolemo
1024 733 1050 794 ii
1080 731 1266 794 627-698
1300 733 1452 812 peculiare

282 827 429 907 quoddam
460 845 578 887 carmen
610 827 715 901 elficit,
746 847 804 908 quo
835 838 954 889 exsecto
986 829 1058 888 nihil
1089 832 1119 889 in
1148 834 1317 891 narratione
1346 831 1452 909 proelii

282 923 454 1003 principalis
477 925 677 1004 desideratum
701 935 802 1004 postea
826 935 924 986 autem
948 924 1019 986 illud
1040 926 1187 986 adiectum
1207 945 1272 986 esse
1296 925 1364 986 inde
1389 927 1451 986 eiti-

281 1025 372 1100 citur,
401 1021 478 1101 quod
509 1040 605 1101 neque
633 1021 822 1101 Tlepolemus
850 1021 1019 1083 Heraclides
1048 1042 1144 1101 neque
1173 1021 1292 1101 Rhodii,
1323 1042 1450 1102 quornm

283 1121 339 1179 dux
365 1117 414 1179 ille
439 1119 507 1198 luit,
531 1119 591 1179 ullo
615 1119 671 1180 alio
695 1120 759 1180 loco
783 1119 895 1199 lliadis,
919 1130 1042 1198 excepto
1066 1120 1197 1198 catalogo
1220 1119 1452 1199 3653-670,

281 1225 551 1277 commemorantur
571 1226 601 1276 et
619 1235 735 1296 prognae
755 1219 896 1298 singulari
916 1221 946 1277 in
966 1235 1081 1278 summo
1102 1218 1216 1278 lerrore
1236 1217 1306 1278 belli
1325 1227 1355 1279 et
1373 1229 1452 1277 stro·

285 1317 404 1374 cissimo
424 1312 561 1374 lleetoris
580 1311 740 1394 hlortisque
764 1319 875 1393 impetu
901 1316 983 1375 locus
1007 1333 1065 1374 non
1085 1324 1162 1395 erat3
1185 1323 1337 1392 praeterea
1362 1314 1452 1375 rerba

283 1401 356 1472 οὐδ’
390 1401 443 1489 ἄρ’
476 1400 631 1490 Ὀδυσσῆι
662 1407 860 1492 μεγαλήτορι
894 1405 1060 1490 μόρσιμον
1093 1395 1153 1490 ἦεν
1186 1413 1332 1490 ἴφθιμον
1366 1407 1453 1485 Διὸς

281 1499 359 1568 υἱὸν
378 1499 568 1587 ἀποκτάμεν
587 1499 654 1582 ὀξέι
674 1506 783 1592 χαλκῷ
803 1507 849 1590 (Ε
865 1505 945 1590 674)
963 1511 1121 1588 perspicue
1141 1509 1302 1569 ostendunt
1321 1512 1452 1570 auctoris

282 1611 386 1664 eorum
405 1607 497 1665 menti
521 1605 648 1666 fabulam
669 1606 848 1684 Sarpedonis
867 1625 882 1666 3
902 1604 1036 1665 Patroclo
1056 1607 1205 1666 interiecti
1226 1607 1262 1666 Π
1273 1603 1450 1667 tls-697

282 1704 340 1761 iam
358 1700 542 1761 obversatam
563 1719 638 1761 esse.
676 1701 810 1762 Eundem
829 1721 914 1780 vero,
938 1704 988 1780 qui
1008 1703 1083 1763 hanc
1103 1721 1230 1782 pugnam
1252 1703 1327 1762 libro
1347 1705 1453 1781 quinto

282 1799 469 1858 inserendam
502 1801 632 1878 curavit,
666 1800 754 1859 etiam
786 1817 888 1860 versus
920 1797 1119 1879 4714493,
1156 1800 1265 1880 quibus
1299 1799 1453 1878 Sarpedon

282 1896 403 1958 llectori
426 1897 583 1974 segnitiem
607 1905 636 1956 et
660 1898 804 1974 ignaviam
826 1896 998 1977 exprobrat,
1021 1898 1169 1958 addidisse
1189 1896 1348 1958 lioecblius
1371 1915 1453 1974 saga-

282 1995 356 2054 citer
380 1995 544 2072 perspexit:
569 2011 636 2054 nam
659 2011 743 2054 acres
766 1994 982 2055 admonitiones
1002 1994 1181 2072 Sarpedonis
1201 2006 1230 2054 et
1254 1995 1368 2055 lacinus
1388 1997 1454 2054 eius

281 2093 356 2152 bene
377 2109 551 2171 praeparare
570 2099 600 2151 et
619 2093 700 2152 iuxta
720 2091 822 2153 Martis
841 2093 1061 2153 adhortationes
1076 2085 1338 2173 (33.461-470)
1353 2094 1454 2152 minus

282 2187 403 2249 idoneas
426 2205 500 2247 esse.

372 2285 472 2362 Pugna
496 2284 624 2344 Patrocli
647 2304 715 2345 cum
739 2285 909 2364 Sarpedone
933 2283 1160 2347 17419-697
1181 2286 1340 2348 abeodem
1365 2295 1453 2364 poeta

282 2383 438 2462 Lyciorum
468 2381 582 2442 iautore
615 2381 713 2442 addita
746 2401 812 2442 esse
841 2382 965 2444 ridetur.
1009 2371 1095 2444 'Nam
1125 2403 1227 2446 versus
1255 2381 1453 2462 432-458,

282 2480 390 2560 quibus
416 2479 547 2557 luppiter
574 2480 604 2538 in
634 2489 734 2538 monte
758 2479 808 2539 lda
833 2475 883 2558 (ci.
908 2481 945 2539 Π
965 2478 1044 2562 677)
1070 2500 1137 2542 cum
1162 2481 1287 2561 lunone,
1316 2499 1391 2562 quae
1415 2482 1453 2541 ab

282 2577 331 2636 lda
355 2577 390 2636 ad
415 2575 572 2656 Olympum
595 2576 720 2652 rediisse
741 2576 769 2635 0
789 2573 829 2636 79
849 2577 925 2636 dicta
949 2587 1025 2656 erat,
1050 2597 1203 2640 sermones
1227 2597 1327 2640 serere
1351 2597 1453 2639 narra·

282 2685 345 2756 tur,
373 2675 410 2735 ab
438 2677 585 2735 imitatore
614 2674 754 2754 colloquii
777 2674 852 2734 loris
880 2685 910 2734 et
933 2675 1081 2736 blinervse
1106 2677 1134 2736 Χ
1160 2673 1332 2738 166-187
1358 2679 1453 2736 337337

282 2772 451 2832 Ρ3ῑ3337333
475 2772 590 2831 additos
618 2789 697 2849 esse,
725 2781 881 2851 postquam
910 2772 946 2832 ab
971 2772 1158 2833 Lachmanno
1182 2773 1260 2834 Betr.
1285 2793 1311 2852 p.
1337 2761 1379 2834 72
1402 2774 1453 2834 dc·

282 2880 477 2932 monstratum
506 2878 564 2948 est,
592 2887 695 2930 omnes
723 2868 784 2929 iere
813 2874 1011 2931 consentiunt.
1057 2869 1155 2931 llinus
1183 2878 1281 2931 autem
1309 2871 1403 2932 audax
1428 2874 1454 2931 is

283 2971 347 3028 iure
367 2966 533 3044 habebitur,
552 2969 603 3045 qni
622 2973 714 3027 totam
733 2966 807 3026 benc
828 2967 954 3027 labulam
974 2977 1074 3046 postca
1093 2968 1238 3029 adiectam
1252 2987 1318 3029 esse
1334 2976 1454 3048 statuet,

283 3084 369 3145 quam
402 3068 454 3144 qui
486 3083 554 3125 cum
586 3063 727 3124 lloechlio
761 3067 892 3144 quinque
926 3065 1007 3125 locos
1034 3063 1227 3126 ttae-458.
1257 3063 1453 3126 ost-497.

282 3160 467 3223 oue-531.
491 3160 677 3223 ooo-eon
700 3159 875 3224 666-683
905 3165 1022 3222 uncinis
1050 3161 1205 3222 incluserit
1229 3175 1280 3222 aut
1303 3181 1358 3222 suo
1387 3163 1453 3223 loco

282 3261 483 3319 summoverit.
525 3259 582 3319 Sed
607 3263 638 3319 in
662 3258 717 3319 hoc
742 3277 860 3338 quoque
884 3258 961 3319 libro
984 3269 1103 3338 praeter
1126 3270 1252 3319 mortem
1272 3258 1454 3339 Sarpedonis

282 3358 369 3416 etiam
395 3357 523 3416 73373333
546 3355 701 3434 Lyciorum
726 3354 909 3418 326—329
935 3355 979 3416 vel
1002 3353 1187 3417 303—376
1211 3359 1304 3417 veteri
1328 3359 1454 3416 carmini

283 3452 472 3531 superaddita
497 3471 562 3514 esse
585 3455 662 3514 inira
686 3452 846 3533 apparebit.

374 3550 452 3610 llaec
472 3553 654 3612 incrementa
671 3555 780 3612 veteris
794 3550 893 3612 lliadis
907 3567 1061 3610 enarrasse
1076 3568 1156 3610 nunc
1176 3551 1295 3628 quidem
1312 3552 1456 3630 sulliciat;

284 3650 334 3712 sed
368 3649 417 3709 alii
447 3665 550 3708 versus
582 3647 682 3726 multi,
714 3648 793 3708 reiut
822 3653 853 3708 Α
880 3644 1064 3708 430-492
1093 3655 1122 3706 et
1151 3649 1181 3708 Λ
1209 3644 1395 3711 668-763
1423 3659 1453 3709 et

282 3748 316 3806 Σ
335 3743 521 3824 590-606,
545 3764 562 3805 3
585 3747 657 3804 37373
680 3746 775 3806 doctis
798 3747 828 3805 in
853 3746 1053 3822 suspicionem
1076 3746 1172 3804 vocati
1196 3752 1279 3825 sunt;
1303 3765 1357 3807 nos
1378 3747 1452 3827 ,qnid

283 3864 401 3925 quoque
426 3845 462 3904 dc
487 3843 551 3902 loco
574 3841 787 3922 indicaremus,
811 3845 841 3902 in
860 3842 1049 3901 adnotatione
1068 3843 1171 3901 critica
1191 3845 1344 3905 succincte
1363 3845 1454 3922 signi·

282 3945 442 4004 deerimus.

374 4128 399 4192 l)
419 4123 524 4188 Quibus
543 4121 619 4176 vitiis
638 4120 727 4176 cretio
748 4121 894 4176 Phoenicis
914 4121 1066 4188 laboraret,
1087 4120 1199 4175 sublimi
1218 4124 1250 4175 ut
1267 4122 1373 4176 essolet
1392 4139 1452 4176 ora·

283 4202 360 4256 tione
375 4202 505 4271 exposuit
518 4201 589 4257 Peul
604 4201 644 4256 Le
661 4199 765 4268 Rocbe‚
780 4200 831 4256 Die
842 4201 1001 4270 Erahhlung
1016 4200 1064 4254 des
1074 4198 1198 4254 Phoenix
1213 4219 1276 4255 vom
1287 4201 1453 4272 Meleagros.

282 4280 327 4334 ein
352 4281 466 4351 Beitreg
490 4301 523 4336 zu
553 4283 605 4338 den
635 4280 827 4336 bomeriscbeu
851 4280 981 4345 Studien;
1008 4281 1039 4334 37
1063 4297 1118 4334 333
1141 4281 1294 4348 particulas
1318 4279 1453 4336 cretionis

286 4359 445 4427 Phoenicis,
461 4362 510 4415 sed
525 4378 621 4416 omnes
636 4365 731 4430 partes
745 4358 891 4414 Phoenicis
906 4361 942 4413 eb
956 4357 1156 4428 interpolatore
1172 4359 1325 4413 recentiore
1341 4359 1452 4413 sddites

283 4457 344 4495 3333
363 4441 564 4508 grammaticae
584 4443 706 4497 rationes
725 4441 800 4494 certe
819 4438 1019 4494 demonstrant
