3280 5104
653 431 895 496 --131-η

184 598 293 655 veteris
321 603 351 655 et
378 597 523 674 genuinae
548 595 671 673 termae,
699 593 735 653 ab
758 593 930 654 Aristarcho
953 593 1031 654 illam
1056 606 1233 655 summotam
1256 613 1354 655 serra·

186 688 302 774 verit.¹)
349 692 469 754 lnoaute
502 700 600 752 autem
631 709 693 751 rem
727 693 786 768 egit
818 689 982 771 Nauclius,
1020 695 1072 771 qui
1104 693 1356 754 discriminatione

186 792 313 852 duarum
347 779 508 851 formarum
541 779 671 868 ὀφέλλει
704 796 734 848 et
762 777 885 867 ὀφείλω
915 789 1145 866 significationes
1173 791 1298 871 augendi
1328 800 1358 851 et

186 889 315 949 debendi
338 888 450 968 ultique
473 888 617 948 distinxit.
659 883 822 946 Nemeum
846 904 905 947 nou
930 887 1025 948 solum
1049 887 1197 950 Pisistrati
1220 889 1357 969 aequales

188 987 392 1066 Athenienses
416 984 468 1046 sed
492 987 581 1045 etiam
595 981 739 1042 Herodoti
753 982 839 1043 lones
859 974 1009 1064 ὀφείλειν
1025 987 1123 1048 dicere
1140 989 1357 1066 consueverint,

187 1085 331 1145 lectiones
360 1091 470 1166 χρεῖος
498 1074 671 1162 ὀφέλλεται
698 1100 720 1159 γ
748 1078 822 1141 367.
847 1101 872 1161 φ
898 1081 952 1163 17,
981 1076 1149 1166 μοιχάγρι’
1175 1076 1309 1165 ὀφέλλει
1332 1087 1359 1144 o

188 1181 261 1263 332,
286 1173 420 1264 ζωάγρι’
447 1171 599 1261 ὀφέλλεις
621 1183 648 1241 θ
670 1177 741 1242 462·
760 1199 819 1240 non
844 1181 880 1242 ab
904 1182 1117 1263 interpolatore
1142 1191 1262 1243 novatae
1281 1201 1358 1263 esse,

188 1282 238 1341 sed
268 1299 304 1340 ex
333 1281 455 1358 antiquo
484 1288 616 1357 tempore
646 1277 792 1337 resedisse
821 1281 888 1358 quis
917 1290 962 1341 est
985 1283 1057 1361 quin
1084 1278 1256 1359 intellegat?
1295 1280 1357 1340 Hoc

186 1381 279 1458 igitur
311 1381 342 1438 in
375 1377 465 1437 verbo
497 1375 716 1454 pronuntiando
746 1375 920 1438 llomeridae
950 1379 1090 1441 Aeolibus
1117 1381 1241 1459 propius
1268 1397 1357 1458 quam

189 1476 339 1537 Herodoto
364 1474 640 1555 recentioribusque
664 1473 786 1536 lenibus
809 1478 971 1536 accessisse
995 1478 1141 1540 ridentur.

277 1564 444 1652 ἀργεννός
468 1570 500 1632 Γ
520 1569 591 1634 141.
617 1569 689 1634 198.
714 1573 741 1633 Ζ
764 1570 837 1634 424.
862 1575 895 1634 Σ
916 1572 990 1637 529.
1014 1573 1088 1638 588.
1112 1597 1131 1656 ρ
1154 1573 1221 1637 472
1244 1584 1274 1635 et
1293 1571 1359 1656 έρε-

187 1665 308 1752 βεννός
336 1671 367 1731 Ε
393 1667 466 1731 659.
495 1667 568 1732 864.
592 1671 621 1730 Θ
643 1667 718 1731 488.
741 1671 763 1731 Ι
784 1669 858 1731 474.
882 1673 920 1732 Ν
940 1670 1013 1735 425.
1038 1671 1111 1735 580.
1135 1675 1168 1734 Χ
1192 1670 1267 1735 309.
1294 1671 1360 1734 466

188 1770 324 1830 codicum
349 1768 407 1828 srde
431 1768 603 1828 confirmata
627 1777 705 1848 sunt,
729 1787 817 1847 quam
836 1771 1002 1831 convellere
1021 1773 1158 1852 equidem
1178 1790 1237 1832 non
1256 1773 1360 1850 ausim,

188 1869 258 1928 licet
280 1875 405 1946 cognata
429 1866 568 1926 vocabula
593 1858 732 1946 φαεινός
753 1861 946 1942 κελαδεινός
969 1869 1213 1930 consuetudinem
1233 1871 1361 1929 ionicam

190 1972 293 2025 secuta
318 1966 385 2024 sint.
432 1963 571 2042 Analogia
595 1965 674 2024 enim
698 1972 731 2023 ut
755 1965 785 2023 in
809 1964 992 2026 declinandis
1015 1967 1185 2029 nominibus
1209 1975 1238 2026 et
1262 1964 1361 2025 verbis

189 2063 350 2143 plurbnum
382 2080 499 2140 semper
522 2060 626 2141 valuit,
654 2062 693 2121 ita
717 2063 747 2120 in
772 2061 941 2122 derivandis
964 2064 1186 2144 formandisque
1209 2061 1361 2124 vocabulis

190 2161 349 2222 admodum
373 2161 508 2238 exiguam
533 2161 590 2218 vim
614 2157 751 2219 obtinuit.
789 2159 871 2228 (luae
895 2164 1021 2222 comita
1042 2166 1110 2244 sint,
1134 2181 1170 2223 nc
1190 2153 1362 2242 εἰνάνυχες

190 2254 227 2340 (Ι
247 2255 330 2340 470)
355 2258 475 2336 φείδεο]
499 2255 544 2316 vel
572 2249 716 2329 είναετές
739 2250 787 2338 (Σ
807 2254 882 2318 400.
906 2279 927 2338 γ
952 2259 1023 2322 118.
1048 2282 1063 2322 ε
1088 2258 1161 2322 107.
1185 2256 1202 2335 ξ
1225 2253 1305 2341 204)
1330 2267 1361 2318 et

189 2359 321 2428 εἴνατος
348 2351 391 2435 (Β
415 2352 488 2416 296.
515 2356 544 2414 Θ
567 2351 646 2436 266)
675 2354 711 2414 ad
740 2354 902 2433 analogiam
932 2368 1125 2437 cognatorum
1151 2359 1361 2420 vocabulorum

190 2451 340 2534 ἐννῆμαρ
378 2460 407 2512 et
444 2445 627 2532 ἐννήκοντα
665 2453 841 2530 corrigendo
879 2473 1018 2516 revocare
1055 2465 1106 2517 aut
1136 2447 1363 2534 Ἐννοσίγαιος

190 2561 314 2632 propter
341 2548 576 2632 είνοσίφνλλος
603 2549 777 2611 addubitare
805 2551 1000 2614 sollicitareve
1029 2573 1119 2615 ausus
1142 2571 1217 2615 sum.
1264 2549 1363 2622 Ouid?

191 2651 269 2730 quod
308 2651 339 2710 in
373 2649 477 2709 eodem
510 2648 600 2709 verbo
633 2647 807 2708 declinando
840 2649 988 2711 Homerus
1019 2651 1243 2712 discriminandi
1276 2665 1363 2708 causa

190 2748 266 2808 dixit
298 2741 392 2826 εἰμέν
423 2765 505 2806 more
537 2745 641 2806 lenum
674 2753 703 2805 et
736 2744 837 2827 ἔμμεν
870 2766 952 2808 more
985 2748 1117 2811 Aeolum.
1163 2748 1363 2810 Commutatas

191 2864 262 2906 vero
296 2844 412 2905 vocales
444 2865 466 2905 α
499 2852 530 2904 et
564 2863 580 2904 ε
612 2845 844 2923 compositorum
872 2849 1024 2907 nominum
1054 2842 1208 2926 ἐρικυδέα
1236 2842 1364 2928 ἐρίηρες

191 2937 360 3026 ἐριούνιος
379 2935 567 3024 ἀριφραδέα
585 2933 767 3022 ἀριπρεπέα
786 2933 990 3022 ἀριδείκετος
1008 2936 1162 3025 ἀρίζηλος
1180 2947 1209 3004 in
1230 2944 1363 3005 eiusdem

190 3051 296 3123 poetae
320 3041 502 3104 carminibus
527 3060 581 3102 nos
606 3039 684 3101 lacili
703 3042 801 3101 animo
820 3040 898 3102 lerre
918 3043 1004 3103 decet
1023 3061 1119 3120 neque
1139 3043 1256 3102 curiose
1276 3061 1364 3122 quae-

191 3159 269 3221 rere,
293 3149 375 3200 utras
400 3139 480 3200 dorni
502 3140 659 3216 invenerit,
683 3146 765 3199 utras
789 3137 862 3199 loris
885 3141 1031 3200 asciverit.

281 3238 302 3314 6
327 3237 377 3298 77.
415 3237 491 3298 lluic
515 3237 551 3297 de
575 3236 722 3297 aeolismis
741 3237 862 3297 Homeri
886 3239 1052 3316 quaestioni
1072 3234 1249 3296 subnectere
1268 3239 1364 3297 risum

192 3348 238 3398 est
254 3337 424 3417 perplexam
440 3335 476 3396 de
492 3338 599 3415 spiritu
613 3335 824 3396 vocabulorum
835 3335 1020 3413 quorundam
1033 3336 1244 3413 quaestionem.
1268 3335 1364 3414 Atque

193 3437 292 3497 leuem
325 3433 444 3514 quidem
478 3435 688 3512 aspirationem
720 3431 932 3493 vocabulorum
968 3424 1113 3512 ὄπατρος
1141 3425 1187 3513 (Λ
1220 3429 1293 3492 267.
1328 3433 1371 3492 Μ

193 3528 285 3617 371),
309 3524 442 3613 ὄτριχας
466 3525 591 3604 οίέιειις
614 3525 658 3614 (Β
684 3528 775 3613 766),
799 3521 919 3610 ἅμαξα,
943 3523 1065 3612 ἀλοχος
1086 3529 1164 3590 baud
1189 3533 1261 3591 satis
1284 3539 1365 3591 certe

195 3630 336 3692 aeolicam
364 3629 595 3710 praedicareris,
624 3631 762 3708 quoniam
790 3637 821 3688 et
844 3628 948 3688 Aeoles
972 3638 1001 3689 et
1024 3628 1110 3689 lones
1134 3627 1276 3702 φίλοισιν
1300 3627 1364 3688 ada-

195 3747 291 3791 masse
325 3727 467 3788 dicuntur
499 3735 528 3787 et
561 3717 691 3806 ἄμαξαν
716 3716 872 3798 Ἰωνικῶς
898 3724 1084 3801 deludebat
1113 3725 1286 3787 Hnstatbius
1315 3721 1365 3804 (oi.

195 3827 350 3889 ba-Hocbe
383 3825 467 3885 Hom.
500 3823 619 3886 Textkr.
653 3843 681 3902 p.
717 3819 794 3906 187)
831 3823 942 3886 diserte
975 3819 1108 3905 retertl)
1160 3823 1268 3884 llaiore
1301 3824 1366 3883 iure

196 3925 406 3986 vocabulorum
434 3907 515 3984 ἀλτο
544 3919 663 3983 έπᾶλτο
691 3907 780 4003 ἦμαρ
804 3913 926 4003 ἄμυδις
949 3915 1057 4004 ἀμμος
1079 3914 1200 4000 ἀολλής
1223 3912 1366 4002 ἄβρομοι

202 4057 409 4068 .—..——-—·-u-·

286 4127 316 4192 1)
338 4123 441 4177 Horma
468 4115 599 4190 ripaltam
627 4119 670 4175 illi
700 4121 763 4175 loco
791 4122 885 4176 nescio
914 4139 950 4176 sn
978 4139 995 4176 a
1023 4119 1128 4176 recenti
1158 4118 1367 4188 interpolatore,

196 4223 280 4274 quem
298 4220 395 4260 versus
414 4206 555 4258 ess-roe
573 4199 715 4256 addidisse
734 4203 812 4270 pulo,
831 4202 972 4256 inculcata
990 4201 1034 4257 sit.

285 4287 313 4354 2)
333 4283 416 4353 Apud
439 4281 612 4336 Herodotum
634 4280 647 4332 I
673 4285 722 4358 188
751 4297 846 4335 omnes
876 4281 1000 4348 codices,
1029 4281 1052 4334 ri
1076 4297 1110 4334 ex
1133 4278 1232 4334 Sleinii
1256 4279 1367 4336 silentio

197 4365 267 4420 illud
290 4363 456 4420 concludere
478 4361 558 4428 licet,
582 4362 718 4430 praebent
741 4355 863 4431 ἅμαξαι,
886 4377 942 4415 non
965 4357 1087 4430 ἅμαξαις
1114 4360 1187 4414 unde
1213 4359 1368 4430 Byzaniino

197 4445 329 4514 episcopo
353 4461 386 4498 eo
409 4441 500 4511 magis
523 4439 690 4510 diffidimus,
714 4442 790 4510 quod
808 4441 984 4496 Herodianus
1002 4439 1074 4494 nibil
1093 4441 1128 4494 de
1147 4439 1242 4495 ionice
1259 4441 1368 4512 origine

197 4523 273 4580 vocis
291 4523 392 4588 credin
411 4520 446 4575 cf.
466 4521 552 4600 schol.
572 4521 607 4574 sd
628 4523 656 4573 Σ
672 4527 724 4576 487
744 4524 774 4575 et
792 4519 946 4576 Herodisni
965 4519 1026 4574 rell.
1046 4521 1057 4573 l
1077 4525 1129 4574 otu
1148 4519 1182 4574 ed
1202 4521 1295 4576 lientz.

1177 4609 1209 4664 9*
