3276 5090
740 373 934 442 -6-'-

255 565 329 626 quae
358 556 391 608 ut
419 544 604 606 intervallum
633 546 775 622 temporis
804 542 956 602 commode
980 543 1092 622 explet,
1120 545 1160 601 ita
1184 545 1281 620 ipsum
1306 559 1425 620 quoque
1481 555 1489 572 ·

255 662 309 723 per
333 662 364 704 se
388 642 555 704 absolutum
579 649 608 702 et
632 643 662 701 in
687 660 719 701 sc
743 641 903 701 rotundum
928 658 1047 701 carmen
1071 640 1170 700 efficit.
1207 638 1293 698 llunc
1317 640 1348 698 in
1372 656 1425 698 nu-

256 759 372 802 merum
399 740 496 802 refero
529 739 768 820 Τειχοσκοπίαν
797 738 828 799 Γ
854 735 1041 817 121-244,
1074 755 1153 796 arma
1184 755 1201 796 a
1228 736 1368 798 Diomede
1397 745 1428 796 et

256 838 366 899 Glauco
386 845 497 898 mutata
514 838 540 898 Z
556 825 740 915 119⁰-23d‚
760 831 883 896 Veneris
902 845 931 896 et
950 836 1051 895 Martis
1070 852 1186 895 amores
1200 837 1226 895 e
1241 831 1426 913 266-366,

257 936 437 1016 Sarpedonis
465 935 577 995 cladem
607 937 642 994 Π
668 931 857 1013 419-687,
891 936 1060 1011 aurigarum
1088 933 1216 993 Patrocli
1244 933 1373 993 facinora
1403 933 1432 992 P

255 1031 440 1104 ten—542.
487 1031 592 1112 Neque
619 1032 714 1092 solum
742 1034 914 1092 coniectura
942 1030 1056 1090 titulive
1084 1031 1142 1090 lide
1171 1033 1200 1089 in
1224 1029 1279 1089 hac
1303 1049 1336 1090 re
1360 1033 1427 1090 niti-

256 1151 331 1212 mur,
355 1131 407 1191 sed
431 1133 520 1190 etiam
543 1131 655 1190 diserto
680 1131 849 1190 testimonio
869 1128 1058 1207 scholiorum,
1083 1131 1112 1188 in
1132 1127 1240 1206 quibus
1259 1128 1295 1187 ad
1317 1129 1343 1188 Z
1364 1125 1425 1188 121

255 1231 427 1292 adnotatum
454 1228 579 1307 legimus
612 1218 632 1307 ἡ
666 1225 782 1306 διπλῆ,
816 1219 866 1286 ὅτι
899 1219 1114 1305 μετατιθέασί
1143 1244 1231 1296 τινες
1263 1215 1428 1306 ἀλλαχόσε

256 1321 382 1407 ταύτην
405 1319 467 1405 τὴν
490 1318 662 1386 σύστασιν.
708 1325 772 1395 Ouo
797 1327 874 1386 enim
899 1324 955 1384 alio
979 1333 1064 1402 pacto
1088 1324 1154 1383 fieri
1178 1326 1287 1403 potuit,
1316 1331 1350 1384 ut
1372 1324 1428 1384 hoc

256 1442 376 1486 carmen
406 1425 432 1484 Z
465 1419 652 1502 tre-236,
685 1425 733 1483 cui
766 1423 918 1482 meliorem
952 1439 1039 1501 quarn
1072 1439 1160 1500 quem
1188 1420 1302 1481 obtinet
1331 1420 1429 1482 locum

258 1541 316 1584 uon
345 1524 492 1598 invenias,
520 1520 609 1580 alium
634 1521 784 1582 inlocum
809 1513 1067 1600 transferretur¹),
1097 1520 1154 1578 nisi
1182 1518 1275 1596 quod,
1304 1537 1371 1578 cum
1400 1526 1430 1579 et

259 1639 313 1682 suo
342 1618 400 1680 talo
429 1626 507 1678 stare
536 1627 636 1696 posset
666 1626 695 1678 et
723 1617 829 1679 crebro
858 1637 892 1677 ex
922 1617 997 1677 libro
1026 1625 1109 1676 sexto
1138 1625 1308 1695 exemptum
1331 1619 1429 1696 ipsum

259 1738 312 1798 per
335 1737 367 1779 se
391 1725 541 1779 cantatum
566 1724 654 1795 esset,
678 1735 693 1775 a
718 1715 933 1776 somniantibus
956 1714 1112 1792 rhapsodis
1136 1731 1194 1774 non
1214 1715 1271 1774 ianr
1291 1733 1345 1774 suo
1365 1715 1429 1774 loco

259 1815 449 1892 reddebatur,
473 1814 525 1874 sed
549 1813 645 1874 alieno
668 1813 733 1873 loco
757 1813 830 1873 salso
849 1809 1075 1873 inculcabatur?

347 1913 407 1973 lam
432 1923 465 1973 ut
488 1913 576 1972 linem
601 1910 670 1972 huic
689 1912 947 1972 commentationis
966 1912 1044 1988 parti
1062 1912 1257 1989 imponamus,
1281 1929 1316 1970 en
1336 1911 1431 1972 titulis

259 2013 425 2072 carminum
448 2009 547 2069 iliadis
571 2008 656 2068 nobis
681 2010 805 2068 servatis
828 2017 963 2089 apparet,
988 2008 1079 2068 inisse
1103 2016 1133 2067 et
1156 2010 1266 2067 maiora
1291 2012 1431 2094 carmina,

260 2128 334 2189 quae
364 2108 402 2169 ob
430 2110 549 2170 nimiam
580 2108 778 2185 prolixitatem
802 2128 818 2167 a
841 2107 1041 2186 grammaticis
1065 2107 1095 2164 in
1119 2104 1219 2183 plures
1243 2105 1335 2165 libros
1359 2106 1428 2166 diri-

260 2207 405 2267 derentur
428 2201 518 2286 (EZ,
542 2201 634 2285 50⁵,
658 2206 794 2285 ΠΡΣ“,
821 2200 919 2285 ΦΧ),
944 2204 1035 2264 luisse
1060 2210 1089 2263 et
1112 2205 1240 2282 minora,
1264 2222 1339 2282 qnae
1363 2223 1431 2264 curn

221 2327 236 2351 ν
261 2303 376 2382 singula
401 2305 512 2363 iustum
536 2301 678 2362 ambitum
703 2302 772 2362 libri
796 2320 854 2363 non
878 2300 1002 2378 implere
1020 2299 1207 2378 riderentur,
1230 2320 1297 2360 crim
1317 2300 1382 2361 aliis
1401 2305 1430 2362 in

260 2403 432 2462 societatem
471 2401 559 2459 unios
598 2398 665 2459 libri
698 2401 882 2478 grammatici
914 2399 1129 2475 coniungerent
1162 2393 1204 2473 (Β
1243 2395 1370 2460 1-483
1403 2407 1432 2458 et

261 2483 489 2578 ntus—779,
505 2499 537 2557 Δ
556 2495 683 2557 1-222
698 2507 728 2556 et
743 2501 775 2558 Δ
790 2493 975 2573 223-445,
995 2495 1031 2556 H
1045 2492 1173 2555 1—312
1189 2505 1219 2555 et
1233 2492 1432 2578 313-482),

261 2598 353 2658 inisse
377 2596 506 2674 denique
530 2594 655 2662 alterum
680 2598 827 2655 minorum
852 2597 1015 2655 carminum
1040 2611 1142 2672 genus,
1166 2613 1241 2673 quae
1262 2602 1347 2672 poeta
1368 2597 1430 2672 ipse

262 2694 328 2754 aliis
357 2689 538 2752 carminibus
567 2691 705 2768 explendi
734 2693 876 2770 temporis
900 2691 1045 2753 intervalli
1069 2695 1161 2770 gratia
1187 2694 1347 2772 intexeret,
1371 2695 1432 2752 sire

262 2791 298 2852 ab
333 2807 368 2850 eo
397 2791 515 2849 inventa
545 2791 605 2850 sire
634 2789 671 2850 ab
700 2791 765 2852 aliis
794 2799 914 2868 accepta
942 2798 972 2850 et
999 2792 1029 2849 in
1058 2807 1145 2850 suum
1174 2808 1262 2850 usum
1291 2807 1432 2850 conversa

261 2884 309 2971 (Γ
331 2884 513 2965 121-244,
538 2888 564 2947 Ζ
592 2885 772 2964 itti-236,
797 2882 1053 2974 nire-687).

349 2984 369 3060 ξ
393 2981 422 3044 5.
469 2980 545 3052 Quid
574 2985 632 3044 iam
661 2984 747 3044 nobis
775 2979 878 3048 novam
908 2987 1005 3048 iliadis
1033 2985 1193 3046 editionem
1217 2985 1432 3048 adornantibns

263 3082 430 3143 iaciendum
454 3077 532 3142 ruit?
555 3081 756 3143 servandnsne
780 3084 837 3144 snit
859 3086 932 3146 ordo
951 3094 982 3146 et
1000 3085 1105 3144 divisio
1124 3082 1279 3164 librorum,
1303 3086 1397 3165 qualis
1418 3107 1432 3147 a

261 3179 410 3240 Zenodoto
443 3188 472 3238 et
500 3178 671 3239 Aristarcho
695 3183 875 3244 constitutus
904 3194 934 3244 et
957 3183 1044 3260 longo
1069 3187 1124 3241 usti
1153 3190 1320 3261 temporum
1348 3189 1434 3265 quasi

262 3279 393 3338 sancitus
417 3273 503 3336 erat?
525 3295 562 3336 an
585 3280 679 3338 satius
703 3281 759 3339 luit
780 3282 814 3341 ad
835 3284 1026 3342 vetustiorem
1046 3281 1293 3341 consuetudinem
1312 3283 1432 3362 rhapso-

263 3375 368 3436 dorum
398 3373 495 3434 redire
524 3375 612 3434 etad
638 3377 747 3437 iontem
772 3387 802 3438 et
824 3381 968 3457 originem
993 3376 1090 3437 lliadis
1114 3379 1208 3455 ipsam
1231 3380 1434 3442 adscendere?

262 3472 391 3533 Alteram
419 3473 495 3531 viam
523 3471 674 3534 Arminius
698 3474 871 3556 lioecblius,
902 3483 1057 3555 postquam
1082 3475 1204 3536 Carolus
1229 3476 1434 3540 bacbmanmrs

263 3571 357 3630 lacem
377 3567 526 3648 praetulit,
545 3571 622 3629 inire
641 3589 732 3632 aursus
750 3575 780 3632 in
797 3574 925 3634 editione
941 3573 1146 3633 Teubneriana
1161 3593 1186 3634 a.
1203 3573 1284 3635 1861
1304 3578 1432 3637 sedecim

261 3666 360 3728 lliadis
393 3667 523 3727 carmina
556 3669 639 3728 novis
672 3671 781 3731 finibus
809 3673 1035 3750 circumscripta
1064 3670 1168 3750 selegit
1196 3672 1282 3734 haec:
1317 3672 1434 3753 Μῆνιν

262 3759 310 3848 (Α
326 3757 513 3846 1—348)²),
528 3759 631 3840 Λιτάς
644 3761 691 3846 (Α
705 3761 1065 3852 349-611),”ονειρο·ν
1079 3763 1122 3848 (Β
1140 3767 1255 3830 1-47,
1271 3769 1433 3832 87-129.

264 3860 471 3944 tlt-483),
496 3851 638 3942 Ἀγοράν
666 3859 709 3945 (Β
738 3862 901 3928 95-211.
935 3863 1139 3948 278-335),
1167 3867 1333 3928 Βοιωτίαν
1361 3859 1435 3947 ἤτοι

264 3997 476 4008 ———-—-—-

352 4056 378 4122 1)
396 4053 536 4122 Bergkins
564 4050 610 4106 Gr.
640 4054 706 4110 Lite.
731 4075 756 4124 p.
782 4061 834 4112 574
858 4056 929 4109 illud
953 4071 1064 4110 carmen
1088 4056 1124 4110 ab
1148 4055 1212 4110 aliis
1236 4059 1301 4124 posi
1325 4060 1349 4108 Ε
1373 4065 1434 4124 518,

263 4134 331 4188 Mor.
346 4133 526 4198 Schmidiins‚
540 4132 604 4187 mel.
621 4134 694 4190 bom.
710 4137 733 4189 ll
752 4145 783 4191 ta
800 4140 864 4205 post
884 4139 966 4190 6628
981 4134 1148 4190 collocatum
1164 4133 1248 4190 fuisse
1263 4135 1434 4192 divinarunt.

351 4217 378 4281 2)
397 4212 480 4268 Fines
508 4212 680 4282 singulorum
704 4217 869 4283 carminum,
899 4219 931 4270 ub
954 4215 1058 4270 chortis
1082 4231 1272 4284 parceremus,
1301 4216 1393 4286 megia
1418 4233 1436 4268 a

263 4292 343 4347 nobis
369 4291 527 4346 adumbrati
550 4309 634 4360 quam
653 4293 736 4362 plene
755 4293 890 4366 descripti
907 4297 984 4363 sont,
1004 4295 1111 4365 quade
1130 4311 1213 4348 causa
1232 4295 1279 4363 qni
1299 4311 1395 4350 versus
1414 4313 1432 4350 a

262 4371 398 4426 Koeeblio
421 4371 535 4425 omissos
559 4371 609 4428 aut
633 4372 819 4442 transpositos
845 4391 941 4429 omnes
958 4389 1125 4443 cognoscere
1151 4373 1233 4442 velit,
1259 4375 1350 4444 ipsam
1370 4375 1429 4431 eiua

263 4450 415 4507 editionem
433 4450 524 4505 adeat.
