3276 5090
772 386 986 451 ..20-

404 539 650 627 ἆσθμιιίνοντα
673 542 777 608 κακὸν
800 541 865 627 γὰρ
890 539 974 627 ὄναρ
996 543 1187 627 κεφαλῆφιν
1210 543 1326 627 ἐπέστη

402 636 477 724 [τὴν
500 636 594 706 νύκτ’
622 642 781 706 Οἰνεΐδαο
804 637 882 717 πάις
905 636 961 705 διὰ
984 642 1083 724 μῆτιν
1104 636 1272 725 Ἀθήνηςλ

384 760 502 820 Similes
530 760 576 820 his
605 769 675 820 sunt
697 778 802 821 versus
826 760 944 839 illepedi
967 779 983 819 a
1006 778 1067 839 me,
1091 759 1156 820 aliis
1180 759 1355 840 plerumque
1379 778 1465 840 prue-

293 857 441 938 suntihus,
461 860 579 919 uncinis
598 857 706 918 inclusi
725 862 756 919 A
775 855 848 919 296.
868 859 896 918 Β
915 854 988 918 206.
1008 854 1082 917 353.
1101 853 1287 918 491-492.
1302 855 1375 919 514.
1391 855 1466 920 535.

292 954 412 1018 Γ224.
437 958 469 1021 Δ
489 953 562 1018 228.
586 952 659 1016 398.
685 953 807 1017 Ε415.
832 956 858 1015 Ζ
879 953 950 1016 151.
977 951 1047 1015 159.
1072 955 1111 1014 Η
1130 951 1202 1016 353.
1226 955 1255 1016 Θ
1277 954 1349 1017 185.
1373 956 1394 1015 Ι
1411 952 1465 1017 59.

291 1050 366 1114 416.
395 1054 428 1114 K
451 1051 524 1114 387.
555 1055 585 1114 Λ
608 1051 681 1114 272.
711 1053 748 1113 Ν
768 1051 841 1114 255.
871 1050 943 1114 316.
970 1048 1072 1122 Ξ4Ο.
1098 1049 1170 1112 114.
1195 1047 1268 1114 217.
1293 1049 1365 1114 269.
1389 1051 1465 1114 426.

292 1151 321 1211 0
349 1149 422 1212 214.
451 1153 488 1211 Π
513 1149 586 1212 261.
615 1147 688 1210 397.
718 1149 790 1211 815.
823 1145 1058 1211 Ρ545-546.
1087 1150 1122 1210 Σ
1145 1147 1215 1211 168.
1240 1147 1313 1211 399.
1340 1151 1369 1210 Y
1391 1148 1464 1211 135.

214 1325 216 1328 ¹
290 1245 364 1310 224.
393 1246 466 1309 312.
507 1250 539 1308 Φ
568 1246 639 1310 158.
678 1250 709 1309 Χ
735 1246 807 1309 128.
849 1248 886 1308 Ψ
910 1245 984 1308 479.
1021 1247 1054 1307 Ω
1077 1243 1151 1308 385.
1180 1245 1244 1309 558
1273 1256 1303 1308 et
1336 1247 1464 1309 lortnsse

290 1349 379 1406 etiam
403 1348 433 1407 A
457 1342 531 1406 515.
555 1346 588 1405 X
607 1343 659 1406 29.
689 1347 726 1406 Ψ
745 1343 818 1406 227.
856 1345 997 1405 Eiusdem
1021 1347 1140 1421 generis
1164 1354 1227 1406 erat
1250 1349 1340 1406 etiam
1358 1363 1465 1407 versus

290 1435 434 1528 ἀντιθέῳ
457 1442 591 1504 Φοίνικι
611 1435 731 1504 dstote
752 1441 956 1522 Πηλεΐωνος,
975 1445 1028 1523 qui
1046 1442 1082 1503 eh
1102 1441 1251 1503 Zenodoto
1271 1452 1338 1528 ppst
1355 1440 1464 1514 2136

290 1539 451 1620 legebatur,
477 1541 527 1601 sed
552 1543 610 1601 iam
634 1540 671 1601 ah
694 1541 865 1601 Aristarcho
889 1548 1056 1619 expunctus
1079 1549 1132 1602 est.

379 1637 437 1698 Sed
466 1637 619 1716 politiores
643 1655 761 1717 quoque
786 1656 889 1698 versus
913 1637 949 1697 ab
973 1638 1176 1718 eloquentiore
1201 1624 1288 1718 qtfflm
1312 1642 1462 1718 perspica-

291 1737 371 1796 ciore
395 1735 542 1814 rhapsodo
566 1753 666 1795 rerum
690 1753 800 1796 nexum
820 1753 879 1795 non
898 1745 979 1796 recte
1003 1735 1193 1814 intellegente
1216 1736 1347 1797 adiectos
1370 1736 1463 1798 hahes

294 1834 330 1892 ap
351 1829 542 1911 462-464,
567 1841 599 1892 ut
622 1841 707 1893 acute
732 1850 827 1910 nuper
850 1833 883 1894 E.
907 1833 1047 1895 llurtzius
1070 1837 1100 1894 in
1126 1833 1226 1895 Philol.
1252 1831 1370 1893 XXXVl
1394 1831 1462 1895 562

289 1931 509 1991 demonstravit.
555 1929 729 2010 Rhapsodos
761 1933 840 1991 enim
874 1931 962 1990 verba
989 1931 1111 1991 Homeri
1143 1949 1202 1990 non
1230 1948 1349 2009 semper
1376 1939 1460 1992 recte

287 2031 457 2107 percepisse
482 2037 511 2089 et
535 2027 698 2089 adulterina
722 2027 849 2090 lectione
873 2031 903 2088 in
927 2047 1059 2089 errorem
1083 2027 1221 2090 inductos
1245 2028 1348 2089 salsam
1366 2027 1460 2106 expli-

244 2131 246 2139 “
288 2129 433 2187 cationem
457 2126 605 2187 addidisse
629 2126 738 2187 illustri
761 2126 895 2204 exemplo
920 2127 947 2187 B
971 2124 1036 2188 319
1060 2125 1245 2206 exploratum
1268 2134 1315 2186 est

396 2241 456 2311 τὸν
479 2243 540 2330 μὲν
564 2242 706 2330 ἀΐδηλον
728 2248 835 2330 θῆκεν
858 2246 954 2323 θεός,
978 2241 1081 2332 ὅσπερ
1105 2249 1241 2331 ἔφηνεν·

399 2343 497 2425 [λᾶαν
521 2340 584 2428 γάρ
608 2367 666 2428 μιν
690 2346 791 2427 ἔθηκε
813 2340 952 2428 Κρόνου
975 2355 1051 2421 nats
1075 2339 1341 2429 ἄγκυλομήιεω],

286 2473 338 2532 uhi
361 2490 465 2533 versus
490 2473 607 2533 uncinis
631 2472 764 2532 inclusus
788 2471 824 2532 ab
848 2490 883 2531 eo
903 2472 1036 2532 adiectus
1055 2483 1109 2553 est,
1134 2475 1184 2550 qui
1204 2491 1272 2532 cum
1291 2470 1460 2534 obsoletum

288 2588 395 2632 nomen
423 2561 565 2650 ἀίδηλον
592 2589 651 2632 non
681 2570 876 2630 intellexisset
904 2569 949 2630 vel
973 2569 1148 2649 productam
1171 2571 1294 2630 alteram
1319 2569 1459 2650 syllohom

285 2668 375 2730 huius
399 2670 526 2728 nominis
551 2668 623 2728 ierri
645 2687 704 2728 non
728 2687 816 2747 posse
839 2675 966 2748 putaret,
990 2665 1091 2728 ialsam
1118 2667 1276 2730 lectionem
1299 2658 1459 2748 ἀρίζηλον

287 2765 429 2843 probarit.

374 2864 449 2924 Cum
467 2863 522 2924 hoc
541 2881 650 2943 genere
669 2865 930 2944 interpolationum
951 2862 1133 2942 singulorum
1153 2881 1295 2925 versuum
1309 2863 1459 2942 longiores

288 2961 461 3041 cohaerent,
484 2962 593 3042 quihus
617 2963 764 3024 Hesiodeo
787 2963 973 3042 charactere,
998 2970 1031 3022 ut
1055 2971 1169 3023 veteres
1193 2963 1377 3040 grammatici
1399 2964 1458 3022 iam

284 3060 463 3120 adnotarunt
490 3057 540 3142 (ci.
566 3061 672 3142 Lehrs,
700 3061 736 3122 de
760 3054 863 3121 Arist.²
890 3078 918 3139 p.
947 3053 1042 3143 343),
1070 3062 1189 3121 nomina
1220 3061 1342 3120 dearum
1372 3061 1458 3120 mari·

285 3175 389 3217 norum
414 3175 488 3238 quae
513 3157 667 3220 'lhetidem
691 3159 909 3220 comitabantur
933 3159 966 3218 Σ
987 3155 1128 3238 39-49,
1153 3157 1308 3219 heroidum
1332 3175 1459 3237 quarum

284 3273 383 3315 amore
402 3253 536 3334 luppiter
559 3275 591 3316 se
615 3258 858 3318 arsisse'latetur
877 3253 906 3327 Ξ
924 3253 1109 3336 317-327,
1132 3255 1290 3318 duriorum
1309 3257 1362 3334 qui
1380 3273 1458 3316 cam·

284 3371 354 3432 pum
379 3353 519 3414 Troicum
543 3353 686 3414 inundare
711 3364 869 3416 narrantur
888 3353 932 3414 M
945 3351 1078 3414 20-24
1088 3350 1125 3436 ¹),
1149 3353 1272 3414 deorum
1296 3355 1348 3433 qui
1371 3352 1458 3444 exad-

285 3469 403 3512 versum
427 3450 545 3512 stabant
571 3453 600 3511 Y
621 3449 764 3534 67-74,
787 3461 958 3514 enumerata
983 3459 1060 3512 sunt.

373 3548 393 3626 ξ
419 3545 469 3610 15.
506 3549 637 3610 Alterum
661 3569 755 3630 genus
774 3548 1034 3630 interpolationem
1054 3568 1121 3610 cum
1141 3551 1224 3628 epico
1244 3548 1326 3629 cyclo
1345 3557 1375 3609 et
1394 3558 1458 3611 arte

229 3635 242 3658 ⁰
287 3647 500 3726 rhapsodorum
533 3647 685 3729 cohaeret,
718 3651 769 3728 qui
801 3667 870 3710 cum
902 3667 961 3709 non
995 3647 1089 3708 solum
1120 3646 1254 3728 Homeri,
1287 3646 1338 3707 sed
1368 3649 1458 3707 etiam

286 3745 465 3826 cyclicorum
489 3754 643 3824 poetarum
662 3748 792 3807 carmina
815 3749 977 3808 recitarent
996 3744 1221 3825 fabularumque
1240 3744 1342 3805 orbem
1362 3752 1459 3805 totum

285 3846 446 3924 novissent,
469 3845 655 3906 occasionem
675 3844 844 3906 venditandi
863 3863 945 3905 suam
965 3843 1130 3904 doctrinam
1149 3851 1179 3903 et
1198 3845 1318 3922 antique
1337 3841 1459 3904 Homeri

286 3943 415 4002 carmina
444 3942 645 4003 recentiorum
673 3949 828 4021 poetarum
855 3942 1031 4002 commentis
1058 3940 1226 4002 iHustrendi
1254 3939 1360 4018 cupide
1384 3943 1457 4000 arri-

286 4039 413 4116 piebant.
460 4040 557 4117 litque
585 4037 622 4099 de
649 4041 727 4118 epici
755 4039 829 4120 cycli
856 4037 1135 4118 interpolationibus
1163 4056 1231 4099 curn
1260 4040 1290 4098 in
1313 4037 1458 4116 peculiari

285 4139 533 4198 commentatione
561 4131 643 4222 (ann.
672 4137 771 4217 philol.
797 4135 880 4199 1871
907 4153 935 4216 p.
953 4131 1153 4216 434-448)
1177 4137 1328 4214 copiosius
1355 4134 1456 4214 dispu-

286 4237 422 4316 taverim,
455 4236 503 4297 hic
536 4237 620 4299 hreni
646 4244 791 4316 repetam,
823 4252 926 4296 versus
956 4235 989 4295 11
1017 4230 1170 4309 29-30,
1208 4233 1239 4294 T
1261 4227 1456 4314 326-337,

376 4389 402 4457 1)
420 4389 528 4445 Notstu
546 4390 660 4460 dignum
679 4393 730 4460 est,
749 4388 824 4458 quod
843 4389 894 4444 hos
913 4403 1008 4443 versus
1027 4388 1211 4456 interpolatos
1224 4386 1254 4442 in
1268 4403 1319 4441 suo
1334 4387 1455 4442 Homero

286 4466 436 4522 Hesiodum
457 4469 513 4523 iem
532 4469 632 4539 legisse
651 4472 768 4540 apparet
786 4485 820 4523 ex
839 4468 903 4523 Hes.
922 4467 1016 4540 theog.
1037 4471 1185 4522 ser-842.
