3280 5104
663 375 879 439 ,93-

185 539 347 600 conditoris
376 557 447 602 snae
475 541 572 618 gentis
599 538 734 618 partibus
763 539 874 598 arctius
902 540 980 598 inter
1008 557 1040 598 se
1068 540 1178 603 iunctis
1202 549 1232 600 et
1255 559 1355 602 rerum

184 655 345 716 progressu
373 639 481 715 partim
510 635 672 715 retardato,
705 637 812 714 partim
841 635 990 715 implicate
1018 639 1121 715 pertici
1149 648 1179 699 et
1207 647 1356 718 tamquam

183 735 217 794 ad
247 733 423 795 umbilicum·
451 735 576 814 perduci
603 751 690 814 posse
721 735 933 815 existimasset,
961 745 991 795 et
1019 734 1130 814 legatos
1154 735 1190 796 ad
1213 736 1356 798 Achillem

183 831 404 910 deprecandum
432 835 540 894 missos
567 831 697 912 induxit,
727 840 760 890 ut
782 833 878 910 imago
902 834 1066 894 atrocitatis
1089 833 1211 896 Achillis
1234 837 1356 914 perlice-

183 939 266 992 retur
295 939 326 992 et
353 949 456 992 rerum
485 932 639 992 conversio
668 923 885 1011 (respondeam)
909 929 1053 992 illustrior
1077 933 1175 1012 lieret,
1203 940 1232 992 et
1256 941 1355 1012 partes

180 1031 290 1090 veteris
313 1032 459 1107 poematis
482 1029 666 1107 interpositis
690 1025 873 1086 carminibus
899 1023 1162 1090 13.14.15.19.
1188 1026 1231 1090 32
1249 1030 1356 1092 meiius

181 1129 338 1188 coniunxit
364 1128 547 1207 adiectisque
576 1123 758 1188 carminibus
786 1118 828 1184 38
857 1131 888 1184 et
913 1121 957 1185 40
980 1127 1167 1204 aptissimum
1191 1136 1221 1187 et
1243 1130 1354 1190 suavis-

180 1226 287 1285 simum
312 1226 401 1286 linem
424 1228 551 1304 poemati
573 1224 723 1302 imposuit.

266 1323 317 1384 Sic
342 1341 432 1403 opere
452 1322 551 1384 iliadis
576 1321 707 1400 perlecto
731 1321 788 1380 iam
808 1329 838 1381 et
856 1319 991 1382 absoluto
1011 1321 1186 1384 Homeridae
1206 1323 1356 1404 rhapsodi,

181 1439 250 1481 cum
278 1439 327 1482 ars
355 1423 485 1482 carmina
513 1419 661 1500 pangendi
690 1417 822 1480 nondum
850 1417 937 1498 piane
961 1421 1120 1502 interiiset,
1148 1424 1178 1483 in
1203 1421 1355 1484 veteribus

181 1518 365 1580 carminibus
382 1517 580 1598 propagandis
599 1525 630 1578 et
648 1515 834 1595 divulgandis
852 1535 911 1577 non
930 1519 1152 1599 acquieverunt,
1170 1520 1222 1581 sed
1241 1537 1356 1600 pannos

181 1617 294 1696 aliquot
322 1616 401 1678 haud
425 1616 623 1696 spernendos,
647 1613 727 1674 velut
750 1614 922 1696 Doloneam,
944 1616 1031 1678 ludos
1055 1616 1195 1679 iunebres
1218 1616 1355 1698 Patrocli,

181 1716 260 1776 scuti
278 1714 404 1776 Achillei
427 1714 659 1792 fabricationem,
682 1713 797 1774 leucae
821 1723 851 1776 et
871 1713 990 1776 Achillis
1014 1733 1142 1794 pugnam
1166 1715 1354 1796 singularem,

181 1811 323 1890 lieleagri
359 1812 486 1873 iabnlam
525 1810 624 1873 iliadis
662 1811 781 1889 corpori
818 1812 1018 1874 intexuerunt.
1068 1812 1201 1892 Denique
1234 1814 1355 1893 insipidi

180 1909 331 1990 rhapsodi,
355 1909 450 1989 qualis
469 1908 637 1990 Cynaethos
656 1907 747 1968 luisse
767 1907 893 1989 videtur,
912 1912 991 1970 varia
1009 1908 1207 1972 additamenta
1226 1909 1354 1972 Homero

181 2009 370 2068 intruserunt
393 2025 461 2068 cum
485 2006 541 2068 alia
564 2014 627 2068 tum
651 2004 816 2082 catalogum
840 2007 967 2087 narium,
991 2009 1043 2085 qui
1063 2025 1131 2068 cum
1150 2006 1206 2068 aiio
1230 2008 1354 2070 consilio

180 2104 217 2166 ab
249 2107 316 2165 eiua
348 2114 469 2166 auctore
501 2103 684 2182 compositus
714 2110 806 2183 esset,
840 2105 928 2162 variis
955 2102 1162 2166 additamentis
1190 2113 1295 2166 auctus
1323 2107 1353 2168 in

181 2202 279 2264 iliadis
303 2204 434 2264 carmina
455 2208 594 2280 receptus
614 2209 643 2261 et
661 2202 838 2262 auctoritate
857 2199 1014 2262 clarissimi
1032 2210 1136 2282 poetae
1155 2212 1279 2264 ornatus
1298 2213 1352 2266 est

270 2299 323 2360 iiis
347 2299 459 2360 ultimis
483 2298 691 2360 additamentis
715 2315 818 2378 poema
837 2297 968 2380 ilomeri,
994 2309 1152 2380 postquam
1177 2309 1266 2381 caput
1289 2304 1354 2364 eius

180 2407 210 2458 et
233 2399 409 2476 praecipuae
432 2405 532 2477 partes
555 2415 658 2458 omnes
681 2398 740 2457 mm
759 2394 908 2474 aliquanto
927 2403 995 2458 ante
1014 2400 1138 2476 primam
1158 2398 1352 2478 olympiadem

180 2495 343 2556 delineatae
371 2503 460 2574 atque
489 2495 688 2556 coniormatae
716 2493 851 2573 luerunt,
883 2493 989 2554 iisdem
1017 2496 1215 2575 temporibus,
1242 2497 1352 2576 quibus

179 2593 328 2673 Odysseae
347 2592 450 2653 tritium
469 2591 537 2654 lima
557 2591 768 2654 admovebatur
787 2599 817 2650 ct
831 2589 935 2670 cyclici
949 2600 1053 2671 poetae
1068 2594 1209 2654 Aretinns
1222 2593 1352 2656 Lescbes

181 2690 317 2752 Stasinns
340 2691 447 2752 iiorcre
466 2697 640 2770 coeperunt,
662 2690 821 2750 adauctum
839 2698 928 2769 atque
946 2689 1120 2752 conclusum
1142 2707 1208 2752 esse
1227 2692 1352 2754 videtur.

180 2786 260 2848 Nihil
287 2806 371 2868 vero,
399 2787 478 2866 quod
506 2788 592 2849 laude
622 2789 673 2850 aui
701 2796 865 2848 memoratu
893 2787 1015 2866 dignum
1043 2796 1137 2869 esset,
1167 2789 1203 2850 ad
1232 2788 1352 2852 iliadem

178 2883 376 2964 Odysseamre
391 2885 602 2963 perficiendam
619 2885 783 2948 Pisistratei
798 2884 968 2946 'redactores
982 2887 1182 2965 contulerunt,
1201 2887 1260 2948 nisi
1274 2887 1351 2947 iortc

179 2983 323 3062 pauculos
332 2985 406 3043 isles
416 2981 771 3063 versos,qunsPisistrato
781 2983 885 3044 deberi
895 2982 1011 3064 supra5
1023 2981 1063 3045 12
1074 2983 1351 3059 demonstravimus,

180 3079 216 3142 ad
231 3083 355 3142 iormam
370 3080 477 3141 horum
495 3089 664 3159 poematum
683 3081 920 3143 corntitoendam
939 3090 990 3142 aut
1009 3082 1179 3143 mutandam
1198 3083 1351 3144 suilecisse

179 3181 335 3258 opinaris·
365 3179 403 3238 lt
431 3195 535 3256 magua
568 3176 632 3238 laus
656 3177 811 3241 Pisistrato
839 3178 978 3258 debetur,
1007 3179 1085 3258 qued
1114 3182 1245 3241 carmina
1269 3200 1351 3262 prae·

179 3276 341 3338 clarissima
378 3274 495 3354 publica
532 3278 708 3337 auctoritate
744 3279 776 3337 iu
811 3295 905 3337 unum
942 3295 1052 3356 corpus
1088 3276 1211 3339 collecta
1244 3277 1351 3341 litteris

178 3374 327 3435 mandavit
355 3381 384 3433 et
412 3373 455 3432 sic
484 3373 593 3462 optime
618 3375 707 3454 cavit,
736 3392 772 3434 ne
796 3372 887 3434 libido
911 3373 1126 3454 rhapsodorum
1150 3375 1265 3454 singula
1289 3395 1351 3438 car·

178 3475 256 3533 mina
280 3489 317 3532 en
340 3479 480 3531 contextu
506 3469 690 3550 reliquorum
714 3471 864 3532 eximendi
888 3473 1071 3552 seorsimqoe
1095 3473 1241 3534 recitandi
1263 3473 1351 3535 latins

178 3577 354 3650 proreperet
397 3577 448 3629 aut
491 3570 655 3648 integritati
696 3577 866 3648 poematum
904 3571 1042 3649 iustoque
1081 3571 1181 3632 ordini
1221 3574 1349 3650 partium

177 3677 309 3729 noceret.
360 3665 418 3728 Sed
457 3685 493 3728 ne
526 3668 598 3728 baec
632 3667 752 3746 quidem
784 3667 862 3749 laus,
899 3687 987 3748 qnam
1020 3686 1183 3730 consensus
1216 3678 1349 3730 veterum

178 3769 369 3847 scriptorum,
388 3765 541 3827 Ciceronis
561 3766 596 3827 de
616 3774 688 3828 orat
706 3761 813 3846 11134,
830 3763 902 3846 137,
920 3765 1033 3826 Aeliani
1054 3783 1112 3826 var.
1132 3765 1200 3826 bist
1216 3765 1281 3825 lilii
1300 3765 1350 3850 14,

177 3864 298 3945 losepbi
321 3883 345 3924 c.
369 3865 473 3942 Apion.
497 3859 586 3946 12¹)
611 3865 638 3924 ci
662 3864 780 3944 tribuit,
803 3862 889 3942 plena
913 3867 941 3924 ei
964 3863 1157 3943 relinquenda
1182 3872 1235 3924 est.
1281 3863 1349 3924 Per·

177 3981 268 4041 qnam
296 3964 375 4022 enim
403 3963 512 4022 mirum
540 3971 633 4040 esset,
661 3963 686 4022 si
713 3971 781 4022 ante
810 3960 997 4022 Pisistratum
1026 3960 1099 4022 niirii
1122 3959 1348 4024 iinmericorum

177 4061 342 4120 carminum
375 4059 483 4120 litteris
512 4059 681 4122 mandatum
709 4068 789 4122 esset
816 4070 846 4122 et
874 4060 1011 4122 omnibus
1040 4059 1105 4120 aliis
1133 4060 1233 4137 potios
1260 4079 1348 4140 quam

177 4159 415 4237 ingeniosissimo
452 4165 482 4218 et
518 4155 751 4218 celebratissima
789 4155 903 4236 poetae'
930 4157 1046 4217 fructus
1077 4155 1184 4234 aliquis
1217 4174 1251 4215 en
1284 4166 1348 4217 arte

273 4305 298 4371 1)
317 4302 430 4357 Plenius
453 4301 616 4356 testimonie
634 4301 750 4372 collegii
769 4303 962 4372 Sengebusch‚
981 4299 1129 4356 Homerica
1147 4299 1256 4354 disseri
1275 4303 1347 4370 post

176 4402 203 4453 p.
223 4389 256 4437 2't
277 4399 352 4452 sqq.;
374 4381 504 4437 subtilius
522 4399 556 4435 aa
574 4381 747 4436 examinavit
764 4384 850 4452 nique
868 4381 990 4436 elevavit
1004 4382 1091 4434 bebre
1110 4378 1145 4434 de
1160 4379 1241 4435 Arist.
1261 4382 1349 4436 sind.²

178 4481 205 4531 p.
223 4469 274 4516 442
295 4479 366 4531 sqq,
385 4479 440 4530 quo
459 4463 494 4516 de
513 4463 575 4516 loeo
594 4461 757 4532 diligentins
775 4459 849 4515 inira
867 4459 1024 4528 disputabo.
