3280 5104
653 425 890 490 -113-

182 597 236 668 est,
260 588 388 667 negabit.
425 586 490 648 Non
514 590 613 648 minus
636 587 821 666 exploratum
845 597 890 647 est
914 580 1011 668 δήιον
1035 587 1137 649 multis
1160 591 1191 648 in
1210 588 1355 669 versibus,

181 686 260 746 velut
280 687 320 746 H
335 683 398 747 119
423 683 523 765 δηίον
542 681 577 746 ἐκ
600 681 758 765 πολέμοιο
781 679 836 745 καὶ
860 682 957 766 αἰνῆς
980 679 1154 766 δηιότητος
1177 686 1354 766 dactylicum

180 784 286 862 pedem
320 784 448 844 ellicere.
496 783 577 844 lianc
611 783 759 862 duplicem
793 792 927 845 naturam
960 787 1073 864 primae
1106 784 1232 864 syllabae
1266 785 1355 847 buius

180 883 311 942 nominis
344 889 378 942 ut
410 884 495 960 quasi
528 880 621 943 oculis
654 880 873 960 subiceremus,
906 883 992 942 modo
1021 875 1118 963 δήιον
1146 883 1233 943 modo
1262 879 1354 945 δίιον

179 979 363 1040 exarandum
391 982 573 1060 curavimus,
602 981 680 1040 sicut
704 981 734 1038 in
758 977 911 1039 codicibus
934 981 1008 1058 ipsis
1031 978 1228 1060 omnibusque
1252 981 1354 1041 editio·

180 1079 270 1138 nibus
289 1069 421 1159 οἷρμῆτι,
445 1071 612 1156 βούλεται,
637 1071 746 1156 ξερόν,
770 1068 956 1154 Διονύσου,
981 1067 1113 1156 εὐειδής
1130 1081 1211 1140 iuxta
1230 1070 1354 1160 ἀργέτι,

177 1169 325 1256 βόλεται,
350 1167 515 1256 ξηράνθῃ,
540 1166 729 1252 Λιοίνυοος,
752 1164 925 1252 ἠυγένειος
949 1175 1058 1253 scripta
1083 1185 1207 1236 exstant.

271 1268 332 1347 ἕως
361 1282 391 1333 et
418 1267 500 1346 τέως
526 1281 641 1332 veteres
665 1273 861 1351 grammatici,
886 1270 935 1331 ubi
961 1271 1090 1332 iambum
1115 1273 1168 1334 bas
1191 1275 1352 1354 particulas

179 1371 300 1430 efficere
324 1369 477 1450 putabant,
500 1365 576 1441 εἵως
599 1375 629 1428 et
651 1367 754 1446 τείως,
779 1368 830 1428 ubi
849 1369 1014 1447 spondeum
1035 1371 1185 1452 putabant,
1209 1373 1353 1433 exaranda

180 1486 303 1528 curasse
341 1467 488 1528 videntur.
539 1467 577 1526 dt
615 1464 715 1526 mrrltis
753 1463 817 1525 illae
855 1465 928 1526 locis
966 1485 1062 1547 neque
1095 1468 1224 1530 iambum
1258 1489 1355 1550 neque

180 1566 346 1644 spondeum
376 1582 473 1643 neque
502 1563 630 1642 denique
660 1561 809 1622 vocalibus
832 1567 993 1624 contractis
1017 1584 1105 1626 unam
1130 1565 1269 1646 syllabam
1293 1569 1353 1629 elir-

179 1665 277 1743 ciunt,
306 1662 358 1723 sed
383 1661 564 1742 trochaeum,
590 1659 722 1722 velutin
747 1662 817 1721 trito
843 1679 929 1721 versu
954 1657 1016 1736 ἕως
1038 1653 1056 1724 ὁ
1081 1655 1182 1726 ταῦθ’
1209 1656 1355 1745 ὥρμαινε

179 1753 261 1822 κατὰ
291 1755 400 1840 φρένα
428 1753 483 1820 καί
510 1751 592 1819 κατὰ
620 1752 751 1838 θυμόν,
781 1759 859 1838 quod
888 1777 956 1820 cum
980 1759 1012 1819 G.
1038 1760 1240 1842 Hermonnus,
1269 1762 1354 1823 elem.

180 1859 274 1918 doctr.
308 1865 395 1918 metr.
423 1875 451 1936 p.
474 1854 516 1918 58
550 1857 626 1916 bene
658 1855 853 1916 intellexisset
886 1876 981 1936 neque
1015 1858 1124 1920 linibus
1152 1861 1242 1937 primi
1270 1860 1353 1939 pedis

180 1955 255 2015 lianc
285 1954 434 2015 licentiam
458 1953 666 2015 circumscribi
689 1953 848 2034 docuisset,
873 1954 1011 2016 omnibus
1035 1955 1094 2016 illis
1117 1956 1190 2016 locis
1215 1951 1261 2038 (A
1283 1953 1352 2018 193.

181 2052 214 2112 K
234 2050 309 2113 507.
334 2052 364 2112 Λ
388 2050 462 2112 411.
488 2053 524 2112 Ν
547 2049 618 2112 141.
644 2046 768 2112 0559,
795 2052 823 2110 Ρ
844 2049 915 2112 106.
940 2052 973 2111 Σ
997 2049 1045 2113 15.
1073 2053 1104 2114 Τ
1128 2051 1200 2113 199.
1227 2053 1259 2114 Φ
1281 2051 1353 2115 602.

134 2205 138 2216 ,
182 2147 278 2212 690.
305 2147 378 2210 120.
402 2169 417 2210 ε
436 2142 518 2232 365)
542 2135 609 2221 εἷος
632 2154 719 2219 τεῖος
743 2148 943 2229 scribendum,
966 2167 1025 2208 non
1049 2149 1144 2210 solum
1163 2154 1355 2230 pronuntian-

181 2247 251 2308 dum
285 2265 351 2309 esse
390 2249 516 2308 censuit.
562 2245 663 2306 Paullo
696 2255 764 2324 post
796 2246 828 2307 G.
863 2247 984 2308 Comus
1018 2247 1048 2306 io
1081 2247 1175 2308 Rben.
1206 2247 1280 2309 blus.
1309 2249 1354 2330 tv,

182 2341 247 2405 242
287 2345 409 2404 alteram
451 2344 576 2404 iormam
613 2339 690 2416 εἵως
727 2361 851 2423 prorsus
889 2344 1069 2404 reiciendem
1107 2345 1244 2426 solasque
1281 2347 1355 2407 duas

184 2443 292 2502 lormas
317 2436 379 2514 ἕως
402 2450 431 2502 et
455 2428 523 2514 είος
545 2441 591 2501 vel
614 2442 713 2519 potius
735 2426 798 2520 ἧος
818 2441 946 2502 Homero
971 2442 1135 2504 reddendas
1155 2463 1220 2504 esse
1240 2445 1355 2524 docuit,

184 2558 249 2600 nam
280 2540 427 2618 positione
458 2539 580 2601 alteram
609 2538 748 2618 syllabam
773 2538 985 2618 particularum
1010 2525 1077 2612 εἷος
1100 2547 1130 2602 et
1152 2547 1239 2615 τεῖος
1262 2545 1354 2602 omni·

183 2635 238 2696 bus
267 2635 340 2695 locis
368 2635 495 2714 produci
522 2644 552 2696 et
578 2638 610 2694 in
634 2636 764 2716 Odyssea
792 2658 813 2697 ν
842 2633 916 2697 315.
941 2655 959 2696 ο
985 2633 1048 2698 153
1072 2623 1139 2711 είος
1163 2632 1212 2698 ἐνί
1240 2639 1354 2721 Τροίῃ,

68 2777 72 2788 .
183 2753 241 2794 non
275 2730 351 2806 εἵως
383 2729 420 2794 ἐν
456 2731 559 2816 Τροίῃ
594 2752 629 2793 ex
658 2737 722 2812 ipsa
751 2734 877 2795 lectione
906 2737 1086 2814 optimorum
1114 2736 1250 2797 codicum
1280 2733 1356 2810 εἵως

182 2825 231 2894 ἐνί
260 2828 364 2913 Τροίῃ
393 2831 597 2909 reponendum
625 2851 705 2914 esse,
734 2833 862 2910 denique
887 2849 921 2891 ex
949 2835 1103 2894 senseritis
1127 2833 1229 2894 formis
1253 2829 1354 2895 ‘uvat’

182 2938 212 2990 et
244 2923 353 3007 ‘gerat’
385 2945 507 3006 graecas
539 2927 639 3007 τῆίος
672 2937 702 2989 οι
731 2914 813 3009 vidos
839 2928 916 2990 solas
945 2931 1017 2990 oriri
1044 2932 1187 3008 potuisse.
1235 2931 1293 2991 Sod
1323 2939 1355 2994 ut

183 3027 307 3086 formem
347 3019 423 3098 εἵως
460 3024 668 3086 eliminandam
701 3043 767 3085 esse
800 3025 849 3085 ille
883 3025 956 3086 mibi
988 3030 1150 3108 persuasit,
1183 3031 1222 3088 ita
1254 3031 1355 3089 invitis

182 3123 336 3185 codicibus
368 3142 389 3202 ῃ
422 3140 476 3202 pro
505 3141 534 3183 ει
563 3125 722 3184 restituere
755 3140 814 3182 non
851 3141 942 3183 ausus
975 3141 1049 3184 sum.
1100 3125 1139 3186 Ut
1171 3127 1250 3186 enim
1283 3125 1355 3186 levis

184 3225 212 3282 in
241 3223 289 3283 bis
318 3219 408 3280 rebus
437 3220 573 3281 codicum
603 3221 675 3281 fides
703 3222 754 3298 sit,
788 3227 892 3280 tamen·
914 3239 1016 3282 eorum
1045 3221 1197 3283 scribendi
1224 3223 1355 3283 rationes

183 3337 241 3380 uon
271 3337 306 3379 ex
335 3318 524 3380 librariorum
553 3318 657 3379 umbra
687 3317 847 3398 proiectas,
876 3318 927 3378 scd
957 3319 992 3378 ad
1021 3322 1114 3380 vivam
1139 3319 1353 3398 rhapsodorum

183 3435 284 3478 vocem
313 3417 492 3476 revocandas
522 3434 586 3476 esse
615 3416 807 3493 crediderim,
839 3423 870 3474 et
897 3434 932 3474 ex
962 3417 1083 3494 antiquo
1112 3417 1229 3478 ΕΡΟΣ
1259 3420 1353 3480 media

183 3505 282 3576 litter'a
310 3515 420 3574 sensim
449 3509 644 3574 evanescente
673 3497 740 3584 εἷος
767 3520 798 3571 et
825 3505 886 3584 ἕως
914 3531 972 3572 noo
1001 3515 1094 3592 magis
1122 3533 1209 3593 qrram
1238 3501 1299 3596 ἧος
1325 3525 1356 3576 ct

185 3609 246 3686 ἕως
264 3613 338 3673 oriri
356 3613 490 3691 potuisse
510 3609 564 3671 alia
585 3608 717 3688 exempla
737 3609 853 3670 docent.
891 3609 1013 3671 Accedit
1031 3611 1109 3690 quod
1124 3613 1213 3672 etiam
1227 3615 1355 3692 genetivi

184 3709 393 3788 pronominum
436 3699 562 3787 ἡμείων
599 3698 710 3787 ἡμέων
746 3695 874 3785 ὑμείων
909 3697 1021 3788 ὑμέων
1062 3710 1215 3768 senseritis
1252 3709 1355 3768 lormis

184 3813 327 3868 asmasam
351 3813 381 3866 et
402 3805 562 3887 jusmitsam
586 3804 779 3884 respondent,
807 3812 838 3865 et
861 3799 962 3867 ἑανοῦ
987 3799 1023 3888 (Ι
1044 3803 1118 3867 385,
1141 3803 1215 3867 419.
1235 3802 1354 3874 Ξ178.

187 3904 218 3965 Φ
240 3899 334 3984 507),
362 3923 397 3963 ox
420 3899 567 3963 dedecori
595 3900 666 3982 illud
691 3911 803 3982 ortum,
831 3903 868 3962 Π
888 3899 908 3961 9
933 3897 1050 3962 είανοῦ
1073 3904 1218 3981 scriptum
1243 3910 1296 3982 cst,
1326 3912 1355 3963 et

184 4000 318 4079 duplices
342 4000 453 4060 iormee
476 3995 582 4060 siurac
605 3995 695 4059 εἵατο
719 3997 761 4076 (Β
787 3997 859 4061 137.
879 3997 912 4059 Γ
928 3997 999 4060 149.
1019 3999 1057 4060 H
1072 3997 1122 4060 61.
1142 4001 1170 4059 Θ
1187 3995 1262 4059 550.
1280 3995 1354 4061 559.

183 4097 217 4158 Κ
237 4095 308 4159 100.
334 4093 406 4159 161.
432 4093 504 4158 182.
533 4093 607 4156 422.
636 4097 670 4156 Σ
694 4092 768 4158 504.
796 4094 869 4159 523.
902 4097 933 4158 Τ
956 4094 1030 4160 255.
1058 4099 1095 4158 Ψ
1122 4094 1193 4158 128.
1220 4095 1253 4156 Ω
1282 4093 1354 4158 799.

183 4215 205 4255 α
232 4191 313 4276 326)
340 4204 371 4255 ct
398 4188 490 4254 ἕαται
513 4188 589 4255 ἕατο
613 4189 660 4278 (Γ
679 4193 751 4257 134.
774 4196 812 4257 H
830 4192 905 4256 414.
929 4196 951 4256 Ι
972 4189 1052 4278 628)
1076 4197 1106 4255 in
1130 4192 1283 4254 codicibus
1307 4213 1354 4255 er·

185 4300 282 4354 aretae
307 4299 431 4352 exstant.
469 4291 546 4351 Sunt
569 4309 638 4352 sane
663 4295 714 4371 qui
737 4292 790 4352 bas
810 4311 930 4371 quoque
950 4292 1058 4352 lormas
1076 4281 1227 4352 emendari
1246 4299 1276 4352 et
1294 4309 1354 4352 om-

185 4389 273 4450 nibus
305 4388 380 4450 locis
407 4380 507 4469 ἥασαι
535 4380 618 4468 ἥατο
646 4397 697 4449 aut
723 4373 822 4468 ἧνται
850 4373 932 4466 ἧντο
959 4388 1062 4466 reponi
1091 4386 1224 4469 iubeant3
1257 4407 1354 4468 neque

187 4505 234 4545 mc
253 4487 327 4565 lugit
345 4488 489 4564 genuinas
507 4505 572 4546 esse
592 4487 701 4546 lormas
719 4477 817 4565 ἥαται
836 4493 866 4544 et
885 4475 978 4563 ἥατο,
997 4491 1098 4562 utpote
1118 4501 1193 4562 quae
1212 4503 1228 4545 a
1247 4489 1355 4564 priscis

239 4597 295 4636 iliu
309 4596 344 4636 ed.
359 4595 441 4638 librisl-
1125 4589 1140 4635 8
