3280 5104
668 312 912 377 -135-

206 493 291 536 mone
320 473 455 535 exulasse
483 474 595 536 dicenti
622 477 763 564 assentiri
785 475 916 536 audeam.
962 477 1055 536 Immo
1074 495 1133 536 nou
1158 475 1244 556 longe
1268 498 1284 538 a
1308 497 1378 540 rero

204 573 342 634 aberrare
361 573 540 634 crediderim
559 575 611 653 qui
629 573 734 633 booles
754 581 783 633 et
803 573 927 634 sortasse
947 575 1035 634 etiam
1054 581 1170 651 partem
1190 573 1303 655 ionum,
1327 577 1376 654 qui
1424 590 1427 596 “

204 669 343 731 Aeoiibus
366 671 498 732 confines
522 679 634 752 esseut,
657 674 810 732 etiamtum
834 671 883 732 iiia
906 673 1033 750 genetivi
1057 671 1151 733 iorma
1175 675 1219 732 uti
1243 673 1375 734 nondum
1456 675 1460 682 '

202 769 327 829 desiisse
359 771 537 848 suspicetur.
584 769 642 846 Sed
674 777 742 830 utut
779 769 835 830 hoc
863 787 895 830 se
927 767 1029 848 hahet,
1057 769 1208 830 sollemnis
1241 789 1313 830 sano
1345 781 1375 830 et

204 867 308 928 ionum
337 885 393 928 usu
416 866 530 946 vulgari
554 875 672 946 recepta
696 867 825 946 genetivi
847 867 940 928 forma
965 865 1148 946 diphthongo
1174 888 1215 929 ον
1239 871 1377 930 termina-

203 964 304 1046 batur,
327 967 412 1026 cuius
436 967 510 1027 dues
531 968 591 1026 nisi
613 963 752 1044 gravibus
775 966 873 1025 causis
897 983 956 1024 non
979 971 1155 1044 commotus,
1179 965 1231 1026 sed
1255 974 1377 1028 coactus

203 1063 343 1142 equidem
366 1071 501 1124 coartare
524 1082 584 1124 non
608 1064 711 1124 ausim.
749 1061 830 1132 Quae
848 1081 917 1124 cum
937 1064 977 1122 ita
996 1064 1065 1142 sint,
1089 1061 1243 1142 Lugebilio
1263 1083 1375 1124 morem

203 1181 262 1222 uon
286 1163 447 1241 gessimus,
470 1164 522 1241 qui
546 1163 576 1222 in
600 1163 848 1222 commentatione
872 1178 962 1240 supra
985 1159 1101 1220 laudata
1124 1179 1152 1240 p.
1176 1157 1242 1223 212
1265 1164 1376 1242 geneti-

204 1277 272 1318 vum
301 1256 460 1336 singularis
486 1261 605 1320 numeri
636 1258 761 1320 secundi
784 1258 911 1339 ordinis,
939 1257 1120 1337 ubicumque
1144 1258 1237 1320 vocali
1260 1261 1374 1339 excipe·

203 1365 302 1438 retur,
331 1374 391 1416 non
419 1376 477 1434 ou,
506 1357 557 1416 sed
587 1347 631 1416 οι’
662 1355 754 1418 scribi
782 1358 877 1418 iussit
924 1355 1045 1418 Veteres
1074 1375 1144 1418 sane
1168 1352 1376 1436 grammaticos

203 1458 261 1516 iam
285 1453 437 1516 dubitasse
461 1473 495 1514 ex
521 1453 643 1516 scholiis
666 1455 729 1516 cod.
755 1454 823 1516 Veu.
848 1458 880 1517 A
904 1457 1113 1536 comperimus,
1136 1473 1208 1516 num
1231 1458 1262 1518 in
1285 1458 1376 1518 versi·

202 1553 258 1613 bus
284 1553 314 1613 Α
339 1550 382 1614 34
406 1571 469 1632 sqq.

363 1645 400 1712 ἐν
425 1644 464 1710 δέ
484 1653 540 1711 λοι
563 1641 710 1730 ὀμφαλοὶ
733 1637 821 1732 ἦσαν
846 1645 989 1712 έάείκοσι
1012 1645 1221 1732 κασσιτέροιο

363 1747 491 1827 λευκοί,
515 1742 552 1808 έν
577 1741 614 1809 δέ
637 1742 789 1828 μέσοισιν
813 1747 867 1810 dev
890 1743 1033 1828 μέλανος
1055 1740 1197 1809 κυάνοιο

199 1846 405 1906 AEYKOI
425 1847 598 1907 nominativi
621 1844 752 1926 pluralis,
776 1865 813 1906 au
837 1848 963 1924 genetivi
988 1845 1147 1924 singularia
1167 1847 1225 1907 vim
1244 1845 1375 1906 haberet.

203 1944 261 2004 Sed
300 1951 333 2004 ut
371 1953 483 2004 taceam
517 1943 654 2004 codicum
686 1945 774 2004 iidem
808 1945 1045 2004 terminationem
1078 1945 1208 2022 genetivi
1240 1963 1282 2005 ου
1316 1961 1375 2004 uno

201 2062 349 2104 censensu
382 2041 621 2104 confirmantium
654 2050 684 2104 et
712 2041 854 2102 duritiem
882 2041 990 2102 vocalis
1019 2061 1037 2100 o
1067 2040 1167 2101 suffixi
1196 2060 1248 2102 οιο
1277 2040 1376 2123 elisae,

201 2144 327 2204 sormam
355 2141 549 2220 alienigenam
577 2147 607 2200 et
634 2140 904 2218 intermorientem,
934 2138 1051 2217 qualem
1075 2140 1243 2218 genetivum
1268 2141 1298 2200 in
1323 2159 1375 2200 οιο

202 2240 294 2300 fuisse
323 2245 418 2319 patet,
449 2244 658 2317 praeterquam
687 2239 712 2297 si
741 2239 858 2298 numeri
882 2235 1091 2299 necessitatem
1112 2236 1260 2316 quandam
1283 2239 1375 2315 impo-

202 2346 283 2418 nant,
306 2337 426 2398 restitui
449 2339 544 2397 iustae
568 2336 641 2398 artis
665 2338 786 2396 criticae
809 2333 891 2412 leges
915 2343 1021 2396 vetant.

291 2435 311 2510 ξ
336 2430 387 2496 80.
434 2433 497 2495 nita
525 2443 571 2495 est
598 2453 687 2494 causa
710 2435 916 2512 genetivorum
939 2435 970 2494 in
994 2451 1049 2509 oo,
1079 2452 1154 2513 quos
1177 2433 1375 2496 Buttmaunus

201 2533 282 2593 Ausi.
312 2532 361 2592 Gr.
385 2531 397 2592 l
421 2529 486 2592 299
515 2540 545 2592 et
568 2532 731 2594 bbrensius
755 2531 848 2593 Rheu.
871 2530 947 2592 bins.
975 2529 1001 2590 ΙΙ
1033 2527 1092 2592 161
1124 2531 1261 2592 undecim
1290 2535 1376 2592 mini·

203 2649 285 2692 mum
313 2631 386 2692 iocis
409 2637 512 2692 coutra
536 2630 680 2692 librorum
704 2647 883 2690 consensum
903 2629 1090 2708 reponendos
1109 2647 1175 2690 esse
1194 2629 1375 2692 docuerunt:

244 2719 342 2790 Ἰλίοο
376 2719 494 2810 (Ἰλίου
528 2723 627 2810 οοδδ.)
659 2721 892 2809 προπάροιθεν
924 2721 1004 2809 ἐμῇς
1035 2722 1073 2788 έν
1104 2721 1196 2807 χερσὶ
1230 2719 1374 2809 βάλῃσιν

414 2819 462 2906 (Φ
490 2822 560 2885 104.
585 2827 618 2886 Χ
637 2823 666 2888 6.
692 2826 721 2887 0
743 2821 815 2906 66)·

246 2914 292 2997 dg
314 2915 418 2984 εἰπάν
443 2920 580 3004 ἔτρεψεν
604 2913 770 3003 άδελφεόο
794 2913 989 3005 (ἀδελφειοῦ
1013 2917 1112 3004 οοδδ.)
1137 2916 1264 3002 φρένας
1287 2913 1375 3002 ἥρως

415 3013 461 3102 (Ε
481 3016 533 3081 21.
563 3016 666 3080 261.
694 3019 733 3080 Η
754 3017 825 3081 120.
849 3020 888 3079 Ν
909 3013 1001 3103 788)-

246 3114 447 3200 ἐντρέπεται.
461 3115 564 3197 φίλον
591 3101 673 3200 ἦτορ
701 3108 843 3191 άνεψιόο
873 3107 1030 3196 (ἀνεψιοῦ
1062 3111 1162 3196 ουδδ.)
1194 3113 1372 3197 κταμένοιο

245 3309 369 3395 νήπιον
383 3305 477 3376 οὔπω
491 3303 623 3375 fecddd'
641 3303 771 3394 ὁμοιίοο
786 3301 937 3394 (ὁμοιίου
951 3306 1050 3392 οοδδ.)
1064 3305 1241 3391 πτολέμοιο
1252 3307 1290 3396 (Ι
1299 3311 1373 3374 440.

415 3411 452 3472 Ν
473 3408 548 3473 358.
568 3406 641 3472 635.
666 3406 786 3471 0670.
805 3407 930 3470 Σ242.
954 3410 984 3470 Φ
1003 3407 1077 3470 294.
1096 3421 1118 3469 σ
1137 3405 1211 3470 261.
1230 3430 1256 3470 ω
1278 3405 1373 3492 543)-

246 3503 331 3583 υίέες
348 3500 470 3590 Ἰφίτου
490 3501 630 3590 (Ἰφίτου
648 3502 748 3591 σοδδ.)
766 3501 965 3588 μεγαθύμου
983 3505 1202 3587 Ναυβολίδαο
1223 3506 1266 3587 (Β
1281 3507 1373 3590 518).

245 3607 313 3672 τῶν
337 3593 418 3670 αὖθ’
444 3598 608 3689 ἡγείσθην
625 3599 820 3687 Ἀσκληπίοο
840 3595 1053 3689 (Ἀσκληπίον
1075 3601 1175 3689 codd.)
1194 3601 1257 3669 δύο
1276 3605 1374 3670 παῖδε

247 3797 372 3885 ὄψιμον
401 3793 629 3880 ὀψιτέλεστον,
661 3794 700 3864 ὃό
729 3792 807 3884 (ὅου
835 3795 935 3882 codd.)
963 3795 1058 3874 κλέος
1086 3792 1127 3862 οέ
1151 3791 1224 3862 ποτ’
1251 3791 1374 3861 ὀλεῖται

360 3977 364 3984 ,
415 3895 460 3983 (a
484 3895 591 3983 εισι)
615 3921 637 3961 α
661 3897 731 3982 ro)-

246 3993 365 4084 άμρίοο
393 3991 664 4179 ((γχρίὲφὸ)οοδδ.),
687 3991 839 4080 πρόσθεν
863 3991 900 4059 δέ
923 3989 1025 4070 σάκος
1047 3991 1200 4077 στέρνοιο
1222 3987 1372 4070 κάλυψεν

199 4251 275 4258 -..-—..-
280 4247 413 4256 ----—·

292 4329 318 4393 1)
337 4326 379 4380 De
404 4321 452 4392 ἕης
473 4327 504 4378 Π
521 4329 587 4390 208,
614 4323 690 4392 quod
717 4340 773 4377 non
796 4321 887 4375 minus
910 4315 1050 4374 offendere
1073 4317 1149 4370 recte
1173 4315 1373 4372 animadvertit
1444 4385 1446 4389 ι

201 4405 343 4470 Harhelius
357 4405 440 4460 Hom.
455 4403 533 4458 saud.
547 4403 587 4457 111
600 4409 626 4474 8,
645 4402 740 4458 confer
758 4418 830 4472 quoe
848 4400 877 4456 in
895 4399 1034 4470 apparatu
1052 4396 1149 4454 critico
1166 4397 1371 4456 ednotnrimna.
