3192 5096
616 365 863 418 mmwnu
1263 367 1326 432 αφ

153 526 294 591 κυάνεαι
317 529 493 608 πίτναντο,
515 522 600 611 κάρη
625 521 655 591 δ’
681 522 771 592 ἅπαν
796 527 832 593 ἐν
854 530 1009 613 κονίῃσιν
1281 527 1325 594 37

153 642 244 698 κείτο
266 628 373 715 πάρος
395 636 524 717 χαρίεν·
547 628 621 698 τότε
644 629 681 698 δλ
706 629 791 710 Ζεύς
814 634 1051 717 δυσμενέεσσιν

157 738 266 803 δῶκεν
289 735 544 804 άλεικίσσασθαι
568 736 606 824 ἑή
630 736 667 803 ἐν
690 740 825 824 πατρίδι
847 742 935 824 γαίη.

245 839 291 922 δός
313 845 374 910 τοῦ
397 841 458 928 μὲν
480 840 630 910 κεκόνιτο
653 840 740 930 κάρη
764 840 866 911 άπαν·
890 839 911 930 ἡ
935 845 974 911 δέ
995 869 1039 911 νυ
1062 844 1168 934 μήτηρ
1275 865 1327 915 405

154 955 247 1018 τίλλε
267 949 391 1036 κόμην,
415 945 480 1016 άπὸ
504 946 541 1015 δὲ
564 946 708 1036 λιπαρήν
732 954 846 1036 ἔέριψε
868 947 1061 1038 καλύπτρην
1181 1021 1186 1032 ,

154 1054 291 1150 τηλόσε,
313 1053 465 1124 κάκνσεν
488 1054 526 1123 δὲ
549 1053 637 1140 μάλα
661 1055 744 1142 μέγα
766 1059 869 1123 παῖδα
892 1058 1045 1126 ίιδοῦσα.

156 1159 293 1254 ᾤμωξεν
317 1159 348 1230 δ’
374 1162 501 1231 ἐλεεινὰ
524 1159 631 1248 πατήρ
654 1167 768 1248 φίλος,
791 1160 879 1248 άμφλ
903 1163 940 1230 δὲ
962 1168 1042 1231 λαοί

154 1269 292 1360 κωκυτῷ
315 1261 345 1335 τ’
371 1276 502 1354 είχοντο
525 1267 580 1334 καλ
605 1271 732 1356 οίμωγή
756 1265 838 1336 κατὰ
861 1267 977 1337 λάστυ.

155 1377 202 1464 τῷ
226 1373 264 1440 δὲ
286 1371 418 1460 μάλιστ’
443 1371 499 1461 ἄρ’
525 1379 584 1458 ἔην
608 1375 813 1460 ἐναλίγκιον,
837 1371 883 1454 ὡς
906 1378 936 1442 εί
958 1371 1069 1442 ἅπασα

156 1477 261 1560 Ἴλιος
284 1477 477 1567 ὀφρυόεσσα
499 1481 581 1564 πυρὶ
603 1479 763 1567 σμύχοιτο
786 1477 858 1548 κατ’
884 1478 994 1568 όκρης.

156 1585 232 1653 λαοί
256 1587 317 1671 μέν
339 1588 383 1672 ήα
405 1586 546 1672 γέροντα
569 1583 666 1672 μόγις
689 1589 766 1672 ἔχον
789 1583 1022 1672 άσχαλόωντα,

157 1693 307 1772 ἐξελθεῖν
330 1695 484 1780 μεμαῶτα
507 1689 645 1759 πυλάων
669 1683 905 1777 Δαρδανιάων.

156 1795 283 1878 πάντας
307 1798 344 1867 δὲ
366 1796 518 1866 λιτάνευε
539 1795 780 1884 κυλινδόμενος
802 1796 884 1866 κατά
905 1798 1048 1886 κόπρον,

158 1905 192 1984 ἐξ
217 1901 459 1991 ὀνομακλήδην
478 1899 652 1989 ὀνομάζων
675 1901 783 1991 ἄνδρα
805 1905 979 1972 θέκαστον·

158 2011 324 2096 ,,σχέσθε,
347 2017 457 2097 φίλοι,
478 2015 537 2077 καί
556 2007 591 2095 μ’
618 2005 693 2076 οἷον
717 2010 847 2094 ἐάσατε,
871 2009 1056 2096 κηδόμενοί
1074 2035 1151 2097 περ,

159 2115 341 2196 ἐξελθόντα
364 2115 489 2202 πόληος
512 2111 619 2182 ἱκέσθ’
646 2115 699 2183 έπλ
721 2118 805 2202 νῆας
824 2111 974 2202 Ἀχαιόν.

158 2220 299 2310 λίσσωμ’
325 2219 429 2308 άνέρα
451 2225 574 2290 τοῦτον
597 2218 793 2289 άτάσθαλον
816 2217 1075 2308 όβριμοίερηόν,

158 2324 204 2412 ήν
225 2352 294 2408 πως
316 2325 450 2414 ήλικίην
474 2329 661 2396 αἰδέσσεται
684 2324 742 2413 ἠδ’
766 2327 884 2416 έλεήση

158 2436 272 2521 γήρας.
317 2435 373 2502 καὶ
397 2435 437 2502 δέ
456 2461 500 2502 νυ
522 2439 567 2526 τῷ
590 2460 628 2519 γε
651 2432 757 2520 πατήρ
780 2433 916 2502 τοιόσδε
936 2435 1101 2521 τέτυκται,
1275 2456 1328 2506 4εο

158 2539 309 2626 Πηλεύς,Ι
329 2538 366 2620 ὅς
389 2566 447 2627 μιν
471 2546 572 2608 ἔτικτε
595 2541 650 2608 καλ
674 2545 790 2627 ἔτρεφε
812 2543 904 2627 πήμα
927 2544 1087 2628 γενέσθαι

163 2651 279 2730 Τρωσί.
326 2648 467 2734 μάλιστα
491 2645 523 2715 δ’
550 2649 623 2734 ἐμοὶ
646 2646 721 2732 περὶ
744 2644 880 2714 πάντων
902 2643 994 2733 ἄλγε’
1020 2652 1155 2734 έθηκεν·

157 2749 299 2833 τόσσους
322 2753 387 2841 γάρ
411 2781 468 2840 μοι
491 2757 613 2834 παῖδας
635 2751 796 2821 ἀπέκτανε
817 2751 1053 2839 τηλεθάοντας.

158 2860 227 2925 τῶν
250 2858 386 2928 πάντων
410 2858 451 2928 ού
473 2859 597 2930 τόσσον
620 2857 785 2946 ὀδύρομαι
809 2855 996 2946 ἀχνύμενός
1018 2883 1095 2948 περ,

159 2961 203 3044 ὡς
225 2963 317 3051 ἑνός,
341 2957 383 3034 οὗ
406 2965 440 3053 μ’
466 2965 547 3055 άχος
569 2964 630 3048 ὀξὺ
651 2971 842 3042 κατοίσεται,
853 2963 968 3046 ’Ἇιδος
991 2974 1087 3052 είσω,

160 3066 325 3159 Ἕκτορος.
372 3069 418 3152 ὥς
440 3071 561 3160 ὄφελεν
584 3073 723 3140 θανέειν
747 3075 784 3141 έν
806 3072 920 3159 χερσλν
943 3074 1075 3161 ἐμῇσιν·

157 3178 203 3265 τῷ
226 3202 263 3244 κε
285 3177 518 3266 κορεσσάμεθα
539 3179 696 3252 κλαίοντέ
716 3203 751 3246 τε
773 3178 951 3265 μυρομένω
974 3201 1024 3262 τε,

158 3283 264 3370 μήτηρ
286 3281 337 3368 θ’,
360 3281 382 3372 ἦ
405 3311 463 3372 μιν
486 3291 589 3353 ἔτικτε
613 3282 844 3371 δυσάμμορος,
867 3279 922 3370 ήδ’
948 3283 1023 3370 ἐγὼ.
1038 3282 1169 3365 αύτός.“

248 3386 293 3470 οδς
317 3395 418 3478 ἔφατο
442 3398 584 3477 κλαίων,
607 3391 660 3459 έπλ
684 3389 721 3458 δὲ
744 3389 943 3476 στενάχοντο
967 3397 1106 3458 πολῖται.

231 3520 706 3579 4w=mw4w=m
777 3521 1262 3580 m=mw4W=ms

160 3597 601 3676 m=ffl04w=m
673 3605 872 3657 ffl=mm
944 3607 1160 3658 m=mm

227 3721 278 3772 401
298 3720 432 3774 πίτναντο
451 3719 525 3789 [εἰμι.
550 3719 581 3772 et
602 3718 689 3774 schol.
710 3717 745 3772 V:
774 3719 908 3773 πίλναντο
934 3718 980 3773 Ac
1011 3718 1214 3788 πίμπλαντοΙ)
1239 3723 1268 3774 et
1286 3740 1328 3789 χρ.

158 3797 194 3861 Α,
214 3797 372 3866 πίμπλαντο
391 3793 409 3867 ἢ
428 3799 563 3854 πίλναντο
581 3799 659 3853 Eunt.
737 3803 789 3852 403
808 3817 848 3866 χρ.
871 3795 941 3861 Ζεύς
959 3799 1179 3867 τερπικέραυνος
1197 3800 1284 3854 schol.
1305 3800 1327 3853 A

158 3879 210 3929 407
229 3879 319 3932 παῖδα
337 3877 461 3934 λιδούοα
478 3877 634 3933 Hermann:
652 3873 733 3932 παῖδ’
751 3873 884 3932 ἐσιδοῦσα
903 3879 982 3933 codd.
1038 3884 1090 3933 410
1109 3899 1149 3947 ηρ.
1165 3874 1227 3941 όςλ
1241 3879 1327 3934 εολιοΙ.

158 3957 181 4008 A
237 3961 287 4010 411
307 3954 440 4028 σμύχοιτο
458 3957 503 4013 ΔΟ
531 3955 665 4028 σμήχοιτο
680 3957 718 4026 D,
736 3953 869 4028 σμύχοιτο
883 3957 929 4010 Ar.
945 3961 1017 4012 teste
1031 3958 1118 4013 schol.
1133 3958 1171 4026 Δ,
1190 3954 1327 4027 σμύχοιτο

158 4037 204 4092 Ar.
224 4041 296 4094 teste
315 4038 401 4094 schol.
421 4038 443 4092 B
521 4043 572 4092 412
593 4034 674 4108 μόηις
692 4041 728 4091 A:
747 4037 827 4107 μόλις
845 4035 892 4091 OD
964 4041 1017 4092 414
1036 4035 1067 4092 δὲ
1087 4035 1215 4092 λιτάνευε
1237 4037 1327 4092 λεολα

158 4109 188 4169 δ’
209 4113 353 4174 έλιτάνενε
373 4119 397 4173 D
430 4113 458 4172 δ’
480 4112 638 4173 ἐλλιτάνευε
659 4116 706 4170 ΔΟ
778 4121 831 4170 415
855 4114 885 4183 ἐξ
904 4112 1103 4187 ὀνομακλήδην
1121 4115 1225 4172 collato
1245 4120 1328 4173 0278

158 4197 216 4252 Ιιοο
230 4199 339 4268 Meyer:
359 4193 587 4266 ἐξονομακλήδην
606 4195 685 4250 οοδδ.
758 4201 811 4250 416
830 4192 983 4266 κηδόμενοι
1002 4199 1060 4251 An:
1079 4193 1239 4265 κηδόμενον
1257 4195 1328 4250 Aen

158 4282 210 4332 418
230 4297 271 4347 χρ.
285 4280 415 4347 λίσσομαι
427 4275 505 4331 Eunt.
573 4279 626 4328 420
644 4277 682 4345 τῷ
702 4295 732 4343 ηε
752 4274 814 4328 AD:
838 4275 909 4347 τῷδε
930 4276 950 4330 G
970 4278 999 4331 et
1016 4295 1057 4344 ηρ.
1078 4277 1102 4328 Α
1169 4281 1221 4330 422
1240 4271 1328 4344 άληεα

158 4359 234 4428 θῆκε
254 4358 274 4413 C
339 4362 392 4412 426
415 4355 478 4412 sort.
498 4355 535 4420 ὡς
553 4353 659 4424 ὤφελλε
678 4360 794 4423 θανεῖν,
817 4355 852 4412 cf.
871 4357 942 4426 prol.
960 4375 987 4426 p.
1010 4359 1060 4410 146
1075 4372 1115 4424 sq.
1180 4361 1232 4411 429
1251 4361 1328 4412 πολι·-

68 4459 76 4474 ·
160 4461 218 4494 tm:
238 4459 280 4510 ηρ.
299 4436 430 4508 γέροντες
450 4438 480 4490 Α.
