3276 5090
702 394 901 456 ,7-

203 547 405 634 Καιᾶλογον
428 553 516 618 νεῶν
541 551 583 638 (Β
607 542 807 639 ael-760),
823 549 938 636 Ὅρκια
962 548 1035 637 ἦτοι
1059 551 1210 637 Πάριδος
1233 555 1287 621 καλ
1314 563 1381 622 Με-

203 644 327 714 νελάου
350 654 559 735 μονομαχίαν
584 649 630 736 (Γ
653 653 789 716 1-120,
813 651 998 716 245-461.
1024 657 1057 714 Δ
1083 653 1243 738 1-222),
1272 657 1382 739 Τειχο-

204 751 348 812 σκοιιίαν
362 742 654 831 κα1Ἐαιπον’λησιν
670 749 717 833 (Γ
730 749 911 814 tat-244.
929 755 961 812 Δ
971 748 1170 835 223—421),
1186 748 1381 835 Διομήδους

202 839 375 926 ἀριστείαν
404 843 452 926 (Δ
475 847 661 910 422-544.
689 851 720 910 Ε
750 848 889 911 1-607.
919 847 1123 931 699-909),
1143 843 1302 934 Ἕκτορος
1324 849 1379 914 καὶ

170 963 177 976 ·
202 931 429 1026 Ἀνδρομάχης
461 938 596 1026 ὁμιλίαν
625 942 667 1028 (Ζ
697 945 859 1009 73-529.
888 949 926 1008 Η
953 944 1087 1030 1-16),
1121 949 1309 1028 Πρεσβείαν
1337 946 1381 1032 (Θ

209 1041 394 1105 489-561.
432 1044 454 1105 I
490 1040 647 1127 1-713)‚
681 1036 924 1126 Ἀγαμέμνονος
959 1037 1130 1126 ἀριστείαν
1161 1039 1235 1126 ἤτοι
1267 1041 1381 1109 Κόλον

204 1134 314 1221 μάχην
342 1137 388 1222 (Α
419 1139 556 1204 1-596.
586 1143 622 1202 Ν
651 1139 832 1205 136-155,
863 1144 891 1204 0
918 1139 1123 1224 oto-622),
1160 1145 1378 1226 Τειχομαχίοιν

205 1233 261 1320 (Μ
283 1236 422 1301 3—471.
448 1239 476 1299 0
499 1235 700 1321 381—414),
726 1232 810 1314 Διὸς
832 1233 963 1322 ἀπάτην
982 1237 1027 1322 (Θ
1054 1239 1168 1302 1-11.
1192 1238 1377 1304 350-437.

203 1337 241 1398 Ν
263 1334 401 1402 1-119.
425 1333 455 1405 Ξ
474 1333 656 1398 tat-522.
682 1333 1089 1420 01-366.653-695),
1117 1331 1185 1417 Τὴν
1205 1333 1256 1399 ἐπὶ
1276 1334 1376 1400 ναυσὶ

202 1427 312 1514 μάχην
340 1427 394 1517 (Ν
414 1431 576 1495 39-755,
605 1431 635 1503 Ξ
655 1431 840 1497 llo-507.
869 1437 907 1496 Ν
929 1433 1112 1497 756-837,
1130 1425 1167 1495 Ὁ
1189 1433 1375 1497 630-726.

198 1529 384 1592 415-591.
410 1529 593 1592 rei-746.
622 1533 655 1592 Π
679 1526 1138 1614 112-123),Παιρόκιειαυ
1163 1528 1213 1616 (H
1238 1531 1375 1594 1-867.

201 1631 230 1689 Ρ
248 1627 385 1690 1-399,
405 1626 589 1691 593-761.
617 1631 650 1690 Σ
671 1629 824 1712 1-355),
840 1623 995 1710 Ἕκτορος
1018 1623 1121 1708 λύτρα
1147 1623 1194 1710 (Ω
1220 1628 1373 1711 1-804).

200 1727 366 1806 Perscripsi
386 1729 504 1788 nomina
524 1727 653 1788 sedecim
673 1729 838 1788 carminum
854 1729 1102 1791 lloecblianorum
1119 1749 1290 1811 versusque,
1310 1733 1374 1810 qui-

197 1824 253 1885 bus
268 1825 407 1905 quodque
423 1827 597 1886 concinnata
614 1833 692 1904 sunt,
707 1828 841 1906 apposni,
862 1836 998 1907 utquam
1013 1827 1154 1888 audacter
1169 1827 1373 1889 Lachmannus

197 1925 350 2003 ceterique
375 1925 540 1984 carminum
564 1926 718 2002 epicorum
742 1932 905 1985 sectatores
930 1928 959 1985 in
984 1925 1164 2002 reflngendis
1188 1925 1284 1985 Iliacis
1308 1945 1371 1986 car-

197 2020 328 2081 minibus
357 2023 465 2081 versati
493 2023 553 2080 sint
580 2039 756 2100 cognoscas:
785 2039 843 2081 non
873 2021 1005 2101 singulos
1035 2039 1138 2080 versus
1168 2023 1217 2081 isti
1241 2025 1370 2100 particu-

196 2117 299 2198 lasque
327 2117 471 2178 librorum
503 2126 650 2198 tamquam
682 2120 944 2197 interpretamenta
970 2127 999 2179 et
1024 2117 1140 2198 illepide
1159 2092 1370 2198 ‘supplementa

196 2216 418 2295 damnaverunt,
443 2217 495 2276 sed
516 2224 592 2276 totos
612 2217 704 2276 libros
723 2235 843 2296 cosque,
867 2219 930 2276 sine
951 2215 1060 2296 quibus
1079 2234 1182 2294 poema
1199 2208 1371 2298 Ἀχιλλίως

194 2306 314 2394 μήνιος
337 2332 373 2374 ne
398 2317 563 2376 consistere
582 2315 702 2395 quidem
721 2317 827 2395 potuit,
853 2313 932 2374 relut
953 2315 1029 2392 ΦΧ,
1053 2333 1177 2394 prorsus
1196 2316 1370 2380 abiecerunt

170 2403 238 2492 et,
267 2411 345 2491 quod
371 2415 458 2473 etiam
483 2415 601 2492 gravius
625 2420 683 2492 est,
714 2413 872 2474 nonnullos
892 2412 984 2473 libros
1009 2415 1038 2472 in
1064 2412 1224 2491 particulas
1248 2417 1287 2473 ita
1312 2415 1369 2474 dis-

193 2519 364 2590 secuerunt,
390 2519 422 2570 nt
446 2510 573 2571 dissecta
598 2511 728 2572 membra
753 2511 806 2570 alia
831 2511 880 2572 alii
899 2513 1024 2572 carmini
1043 2513 1210 2570 insererent
1236 2529 1369 2591 novaque

193 2610 323 2668 carmina
350 2617 497 2688 tamquam
522 2611 634 2668 musiva
654 2627 743 2687 opera
764 2627 799 2668 ex
820 2611 908 2669 variis
927 2608 1034 2687 lapillis
1053 2607 1122 2667 binc
1141 2606 1222 2668 illinc
1243 2611 1369 2689 sumptis

192 2715 414 2784 componerent.
462 2704 521 2765 Nos
555 2705 591 2764 ab
623 2708 678 2767 ista
712 2707 847 2788 audacia,
884 2725 920 2766 ne
954 2706 1049 2766 dicam
1082 2707 1248 2766 temeritate
1282 2706 1367 2784 longe

191 2801 338 2882 longeque
371 2805 477 2864 remoti
506 2801 534 2862 id
564 2803 658 2864 solum
690 2806 902 2883 spectavimus,
935 2813 968 2863 ut
997 2803 1070 2861 lines
1100 2811 1233 2863 veterum
1262 2808 1368 2865 carmi-

192 2915 272 2980 num,
297 2900 392 2980 qualia
422 2920 436 2960 a
462 2900 618 2980 rhapsodis
642 2920 736 2981 usque
761 2901 795 2962 ad
820 2901 950 2961 Platonis
974 2909 1105 2978 tempora
1131 2903 1251 2961 recitata
1277 2903 1367 2964 luisse

192 2997 345 3074 probabile
374 3006 433 3078 est,
462 3016 708 3077 recuperaremus
735 3001 895 3078 relictaque
925 3006 1023 3058 vetera
1052 2999 1180 3057 carmina
1210 3000 1240 3058 in
1268 2998 1366 3059 locum

191 3095 428 3156 Zenodoteorum
471 3095 614 3156 librorum
654 3095 744 3156 xxiv
782 3095 1040 3158 substitueremns.
1096 3093 1197 3172 Neque
1234 3093 1289 3154 boc
1327 3097 1366 3155 ita

190 3193 330 3275 lecimuS,
371 3203 405 3254 ut
448 3195 623 3255 divisionem
660 3195 918 3272 grammaticorum
956 3209 1080 3270 prorsus
1118 3189 1367 3273 oblitteraremus,

190 3289 241 3350 sed
272 3298 305 3350 ut
332 3293 397 3351 eius
426 3293 547 3368 vestigia
576 3293 607 3350 in
635 3292 714 3351 notis
743 3291 934 3368 numerisque
963 3288 1078 3348 dexteri
1107 3290 1247 3366 marginis
1276 3290 1366 3351 relin-

191 3406 363 3466 queremus.

279 3485 299 3562 ἓ
324 3483 352 3547 6.
399 3485 530 3547 Primum
559 3487 650 3564 igitur
678 3489 846 3564 nominum,
875 3503 950 3564 quae
974 3502 1063 3563 supra
1088 3487 1225 3564 exposui,
1255 3486 1364 3547 indicia

190 3592 312 3644 secutus
340 3583 432 3644 libros
456 3582 725 3644 ΒΓΔΗΛΣΦΨ
752 3585 782 3642 in
807 3582 890 3642 binas
913 3591 1013 3660 partes
1037 3582 1192 3643 divisimus
1216 3591 1246 3642 et
1275 3603 1361 3644 suum

189 3683 309 3760 utrique
334 3683 412 3760 parti
435 3699 541 3744 nomen
566 3681 735 3740 indidimus.
773 3677 856 3749 Quod
881 3685 978 3739 autem
1004 3680 1121 3740 nomina
1145 3680 1214 3740 libri
1238 3681 1362 3741 secundi

189 3787 219 3838 et
243 3779 323 3838 tertii
347 3797 382 3838 eo
406 3777 563 3858 ducebant,
586 3786 620 3838 ut
644 3777 768 3839 secundi
791 3775 860 3836 libri
881 3767 1023 3855 Ἀγοροίν
1048 3787 1077 3836 et
1091 3769 1256 3855 Ὄνειρον,
1281 3781 1362 3838 tertii

180 3867 294 3956 Ὅρκια
319 3883 348 3934 et
367 3868 519 3955 Πάριδος
541 3869 596 3936 καὶ
615 3869 795 3937 Μενελάου
817 3875 1026 3956 μονομαχίαν
1050 3876 1280 3954 diiungeremus,
1304 3876 1360 3937 boc

189 3992 247 4033 nun
272 3973 406 4034 obsecuti
431 3991 543 4034 sumus.
581 3973 756 4034 Dubitamns
780 3975 868 4053 enim,
891 3991 927 4032 ao
952 3991 1112 4052 numquam
1138 3982 1195 4034 tam
1219 3973 1360 4051 pusillum

187 4089 320 4150 carmen,
348 4070 434 4149 quale
455 4063 603 4149 ’Όνειρος
631 4066 673 4150 (Β
702 4065 820 4152 1-86)
849 4079 908 4148 est,
937 4073 1060 4131 seorsim
1085 4079 1235 4131 cantatum
1260 4071 1359 4153 inierit,

188 4174 218 4226 et
240 4169 323 4227 tertii
345 4166 413 4227 libri
437 4185 550 4248 rcrsns,
574 4170 625 4246 qui
650 4169 754 4229 loedus
777 4169 813 4229 ab
833 4169 1051 4248 Agamemnone
1076 4178 1105 4227 et
1122 4168 1241 4227 Priamo
1266 4171 1357 4230 ictum

188 4265 353 4344 continent,
386 4272 416 4323 et
448 4262 503 4344 illi,
537 4263 645 4344 quibus
673 4267 756 4326 Paris
789 4275 818 4326 ct
847 4265 996 4326 Menelaus
1028 4283 1133 4325 manus
1165 4270 1355 4328 conseruisse

189 4373 359 4440 narrantur,
391 4362 464 4422 adeo
497 4365 576 4423 inter
606 4381 638 4424 se
666 4365 838 4444 cohaerent,
871 4371 904 4424 ut
933 4366 977 4423 rix
1006 4382 1057 4424 eos
1085 4381 1223 4442 separare
1252 4370 1357 4443 possis.

189 4458 290 4520 Trium
309 4469 409 4520 autem
428 4463 581 4523 nominum
600 4481 688 4523 causa
708 4471 738 4523 ct
757 4465 840 4542 origo
860 4481 894 4522 ea
914 4462 1005 4523 luisse
1021 4462 1146 4544 ridetur,
1166 4462 1244 4546 quod
1262 4466 1357 4528 media
