3280 5104
674 325 912 390 -1332

205 491 284 551 Nihil
305 500 402 552 tamen
422 490 585 551 diiudicare
605 507 695 550 ausus
714 507 781 549 sum
800 489 836 548 de
856 492 975 550 nomine
994 482 1077 571 ἤιος,
1097 495 1147 553 cui
1165 492 1379 574 Aristarchum,

203 609 271 650 cum
295 609 311 650 a
336 589 426 650 verbo
450 586 522 669 ἴημι
545 587 701 666 derivaret,
725 587 863 665 spiritum
888 605 1026 666 asperum
1045 589 1218 667 praefixisse
1238 589 1378 652 llerodia·

202 708 260 750 nus
281 689 316 750 ad
339 691 368 750 0
386 685 451 750 365
470 685 594 764 rettulit,
618 703 796 764 quamquam
819 684 959 762 proclivis
985 703 1051 746 sum
1070 685 1106 746 ad
1126 689 1378 750 necessitudinem

202 786 413 848 vocabulorum
444 777 482 848 ἑύ
512 793 542 844 et
571 774 668 864 ἥέιος
697 781 887 860 probandam.
898 775 923 862 ¹)
974 782 1102 844 Prorsus
1131 793 1229 845 autern
1258 785 1294 846 ab
1323 787 1378 848 bac

201 883 316 945 medela
344 883 510 944 adhibenda
537 899 584 942 me
614 879 745 940 abstinui
772 882 803 940 in
827 878 977 940 vocabulis
1001 871 1089 961 ἅδην
1113 873 1195 955 ἅδος
1217 873 1378 963 ἀδηκότες

201 975 301 1061 ἕομεν
320 977 370 1062 (Τ
388 974 468 1062 402)
492 976 667 1056 scribendis,
691 977 929 1056 quondoquidem
954 979 1061 1040 borum
1080 979 1210 1040 radicem
1230 983 1259 1041 iu
1279 981 1376 1042 fronte

201 1096 262 1139 uon
291 1080 452 1160 digamma,
481 1077 532 1138 sed
562 1074 729 1136 sibilantem
758 1074 898 1136 babuisse
922 1079 1142 1156 comparatione
1165 1077 1323 1139 latinorum
1347 1089 1378 1141 et

200 1178 438 1252 germanicorum
458 1173 616 1234 verborum
635 1173 819 1252 exploratum
839 1180 885 1233 est
904 1166 955 1255 (cl.
975 1173 1097 1234 Curtius
1116 1175 1165 1236 Gr.
1185 1167 1245 1235 Et.·''
1263 1194 1290 1255 p.
1310 1173 1374 1238 398

200 1281 231 1332 et
259 1271 290 1332 t.
320 1271 420 1352 lleper
448 1270 482 1332 li.
506 1270 535 1330 Z.
560 1269 642 1330 xxti
668 1267 757 1348 467).
803 1269 992 1352 Quapropter
1021 1275 1210 1354 gravissimos
1238 1283 1376 1335 auctores

201 1369 406 1432 Aristarchum
439 1379 469 1430 et
501 1367 701 1433 Herodianum
734 1363 785 1445 (cl.
818 1368 909 1430 schol.
942 1370 974 1430 E
1004 1368 1078 1432 203.
1111 1370 1143 1431 Α
1172 1369 1222 1432 88.
1256 1391 1271 1432 ε
1299 1369 1375 1453 290,

201 1465 362 1529 llerodiani
393 1466 457 1529 rell.
491 1466 504 1526 l
535 1460 614 1550 539)
647 1475 769 1526 secutus
801 1469 939 1545 spiritum
973 1487 1112 1548 asperum
1145 1468 1192 1528 his
1225 1469 1375 1531 vocabulis

199 1565 323 1642 praefixi
351 1574 381 1626 et
410 1565 466 1627 hoe
494 1582 587 1625 unum
616 1581 722 1623 vereor
750 1581 787 1623 ne
815 1566 980 1646 vituperer,
1010 1566 1088 1645 quod
1113 1565 1252 1627 affinibus
1275 1568 1375 1630 verbis

197 1653 318 1742 ἄμεναι
341 1655 490 1725 ἄσασθαι
514 1663 651 1741 spiritum
676 1677 815 1739 asperum
839 1662 885 1722 rel
903 1665 1003 1725 invitis
1022 1662 1107 1725 libris
1126 1672 1156 1725 et
1174 1669 1374 1743 grammaticis

196 1757 321 1820 reddere
344 1780 404 1822 non
427 1779 518 1822 ausus
541 1777 616 1820 sum.

287 1856 361 1918 Cum
389 1859 549 1935 spirituum
573 1855 744 1916 discrimine
768 1855 866 1918 littera
891 1877 1009 1939 quoque
1032 1862 1133 1920 tenuis
1157 1860 1371 1938 particularum

200 1941 296 2027 αὖτις
319 1954 466 2034 cohaeret,
490 1955 577 2015 cuius
600 1953 665 2013 loco
685 1953 774 2012 Attici
798 1958 925 2034 aspirata
948 1959 975 2017 θ
999 1956 1168 2040 utebantur,
1193 1957 1271 2018 unde
1294 1959 1373 2020 codi-

201 2052 283 2112 dices
317 2052 379 2112 lere
407 2054 486 2112 iuter
513 2052 677 2129 scripturas
705 2035 798 2124 αὖτις
826 2061 857 2113 et
883 2037 986 2126 αὖθις
1013 2054 1167 2116 lluctuant.
1213 2055 1275 2135 Ego
1304 2075 1373 2117 eum

200 2150 354 2229 plerisque
388 2148 554 2210 editoribus
587 2157 617 2208 et
644 2146 817 2209 melioribus
841 2148 925 2210 libris
952 2154 1083 2230 priorem
1112 2153 1250 2234 sormam,
1284 2173 1373 2234 quam

197 2251 324 2310 ionicam
353 2267 418 2308 esse
447 2248 651 2326 consentiunt,
683 2246 824 2329 praetuli,
853 2251 1030 2328 praesertim
1059 2271 1126 2313 cum
1155 2237 1250 2325 αὖτις
1277 2260 1308 2313 et
1335 2252 1371 2312 ab

202 2332 287 2407 αὖθι
311 2345 471 2407 abhorrere
495 2352 616 2406 etcum
640 2329 719 2406 αὖτε
742 2344 902 2408 cohaerere
927 2347 1069 2410 videatur,

501 2547 550 2602 De
573 2545 691 2602 formis
714 2546 838 2603 veteris
862 2547 1063 2617 graecitatis.

286 2665 307 2742 ξ
332 2664 392 2727 te:
419 2665 464 2727 Ab
487 2665 636 2727 aeolismis
660 2667 766 2744 exiguo
790 2666 977 2749 discrimine,
1001 2669 1079 2749 quod
1099 2688 1188 2750 saepe
1207 2680 1238 2732 et
1256 2682 1371 2734 veteres

199 2773 228 2825 et
259 2766 442 2824 recentiores
470 2765 656 2842 grammatici
679 2764 906 2846 transiluerunt,
935 2767 1045 2828 lormae
1070 2771 1179 2828 veteris
1202 2772 1371 2848 graecitatis

194 2863 340 2922 discretae
369 2871 447 2924 sunt.
493 2860 658 2940 Utrumque
686 2861 765 2922 enim
793 2863 955 2924 lormarum
983 2883 1092 2946 genus,
1120 2885 1188 2926 cum
1216 2867 1248 2927 in
1272 2870 1367 2947 quoti·

193 2960 281 3020 diano
314 2978 451 3020 sermone
484 2961 593 3037 ciripm
621 2958 742 3019 Homeri
775 2977 834 3021 non
861 2962 918 3020 iam
946 2962 1077 3023 serretur
1105 2973 1156 3025 aut
1183 2963 1287 3024 saltem
1315 2965 1366 3026 ob·

195 3056 323 3118 litterari
347 3065 486 3135 coeptum
508 3045 595 3136 e'sset,
619 3074 655 3115 ex
674 3057 887 3118 vetustioribus
906 3059 1089 3120 carminibus
1108 3070 1194 3140 poeta
1213 3071 1369 3142 acceptum

196 3155 301 3218 tulisse
326 3157 456 3236 ridetur,
485 3173 560 3234 quae
584 3173 652 3215 cum
676 3154 786 3216 aeolica
810 3155 901 3215 luisse
925 3157 1134 3239 crederentur,
1157 3165 1274 3222 veteres
1299 3180 1369 3241 quo-

193 3274 252 3334 que
275 3253 340 3315 illes
364 3255 506 3314 orationis
531 3253 641 3313 iormas
665 3270 767 3312 ornnes
789 3270 844 3330 pro
868 3253 988 3314 aeolicis
1012 3255 1163 3316 venditare
1187 3260 1218 3318 in
1243 3258 1368 3337 proclivi

194 3354 257 3413 tuit.
303 3351 363 3412 Nos
391 3369 495 3412 eorum
523 3351 622 3429 potius
651 3352 827 3411 sententiam
855 3352 951 3411 secuti
980 3368 1095 3434 samue,
1124 3356 1176 3433 qui
1205 3357 1262 3415 nisi
1290 3375 1366 3436 quae

193 3453 233 3510 im
247 3449 374 3510 aeolicae
398 3448 518 3510 dialecti
535 3449 659 3508 Asianae
682 3449 883 3508 monumentis
907 3455 957 3508 ant
977 3447 1128 3511 litterariis
1147 3462 1198 3512 aut
1217 3451 1367 3533 lapidariis

193 3549 409 3626 invenirentur,
432 3549 511 3606 inter
535 3543 691 3604 aeolismos
715 3547 821 3605 reterri
845 3553 986 3607 vetarent
1024 3546 1097 3617 Ouis
1121 3551 1200 3611 enim
1220 3551 1367 3612 affirnmre

193 3645 299 3705 audeat
323 3653 361 3724 et,
385 3646 411 3704 si
434 3645 580 3704 aliirmare
604 3642 724 3723 audeat,
747 3647 839 3705 certis
862 3648 1045 3723 argumentis
1069 3649 1246 3710 confirmare
1270 3652 1368 3728 possit

193 3741 309 3802 nullum
337 3743 416 3801 iuter
444 3741 529 3802 iones
558 3747 625 3800 ante
654 3739 816 3802 Homerum
844 3745 975 3804 carmina
1004 3743 1165 3822 panxisse?
1210 3745 1367 3808 Praeterea

191 3848 260 3899 ante
288 3841 413 3899 Asianos
443 3837 548 3900 Aeoles
579 3839 637 3898 iam
665 3841 792 3899 maiores
821 3860 939 3924 eorum,
971 3861 1040 3904 cum
1069 3845 1100 3903 in
1130 3842 1250 3904 boeotia
1279 3854 1309 3906 et
1337 3849 1365 3908 in

191 3936 345 3998 'lb'essalia
369 3935 425 3996 sub
445 3935 569 4015 Olympo
592 3935 744 4017 degerent,
768 3938 857 4000 verba
880 3939 1033 4020 dactylicis
1053 3939 1189 4000 versibus
1208 3939 1365 4004 inclusisse

191 4053 336 4116 perquam
361 4033 520 4095 verisimile
545 4041 603 4115 est3
627 4035 698 4114 quid
722 4036 813 4115 igitur
837 4036 942 4118 obstat,
967 4039 1126 4118 quominus
1150 4039 1239 4098 etiem
1261 4059 1297 4099 ex
1316 4040 1365 4101 illo

191 4144 308 4194 remoto
332 4135 434 4212 epieae
458 4140 488 4193 et
511 4148 612 4192 sacrae
635 4135 734 4210 poesis
758 4141 892 4214 tempore
915 4135 1072 4195 nonnullas
1092 4135 1210 4219 formas,
1232 4156 1366 4218 praeser-

283 4326 311 4392 1)
330 4321 478 4391 Ingeniose
497 4323 530 4378 de
550 4321 658 4392 origine
676 4326 874 4380 vocabulorum
896 4321 969 4394 ἰήιος
987 4326 1017 4380 ei
1029 4319 1093 4395 ἧιος
1106 4339 1196 4396 nuper
1208 4327 1365 4403 disputarit
1403 4397 1407 4406 .

190 4401 302 4457 Fronde
320 4401 349 4456 in
369 4399 504 4457 Bezzenb.
524 4401 610 4459 Beiltr.
628 4401 669 4456 111
688 4409 712 4457 i.
