3280 5104
640 389 883 454 -139-

178 553 210 612 A
240 549 315 613 495.
352 553 380 612 Ε
410 549 490 631 818,
522 545 673 613 πολλέων
700 553 729 613 Β
760 549 831 614 131.
860 553 882 613 Ι
907 549 986 634 544,
1018 547 1191 634 κεφαλέων
1221 552 1253 614 Γ
1275 551 1350 634 273,

177 645 316 709 Σκαιῶν
343 649 376 709 Γ
399 645 473 710 263.
504 649 531 709 Ζ
555 646 633 730 307,
662 644 847 731 μελαινέων
873 652 906 712 Δ
932 649 1009 732 117,
1037 646 1222 733 ἐριθηλέων
1245 653 1277 712 Ε
1298 649 1352 732 90,

177 736 309 810 ὁπλέων
337 747 368 808 A
396 745 475 826 536,
503 735 634 809 αὐτέων
659 748 705 810 Μ
722 746 802 829 424,
829 745 978 830 κριθέων
1000 749 1031 810 Λ
1056 747 1113 828 69,
1140 743 1298 828 πρωτέων
1324 750 1367 809 0·

178 841 253 925 656,
275 840 534 926 θνμοραιστέων
557 847 594 906 Π
614 843 688 908 591.
712 846 746 906 Σ
767 844 843 927 220,
866 837 1056 928 ἀργεννέων
1080 847 1114 907 Σ
1135 843 1210 926 529,
1234 844 1304 908 σῶν
1323 847 1355 908 Ε

177 941 260 1024 818,
287 937 421 1004 πασέων
449 943 471 1005 I
497 941 570 1004 330.
600 945 633 1004 Σ
658 941 737 1025 431,
768 935 919 1025 ἀγορέων
947 945 969 1006 Ι
993 942 1073 1026 441,
1100 935 1210 1026 άρέων
1233 945 1255 1005 Ι
1277 941 1351 1025 566,

177 1036 296 1123 ῥιζέων
327 1042 359 1103 Φ
384 1038 464 1122 243,
490 1035 623 1120 πηγέων
654 1042 686 1104 Φ
708 1039 786 1123 312,
814 1039 954 1106 κλισιῶν
986 1044 1023 1103 Ψ
1046 1041 1123 1122 112,
1150 1039 1297 1124 παρειῶν
1320 1043 1354 1104 Ω

178 1137 258 1220 794,
288 1129 401 1220 ὑμέων
429 1137 467 1200 Η
494 1135 572 1221 159,
602 1129 715 1220 ήμέων
743 1140 775 1200 Γ
800 1138 872 1202 101.
900 1141 931 1202 Λ
958 1138 1032 1203 318.
1062 1140 1091 1201 0
1117 1138 1191 1202 494.
1222 1142 1253 1204 Φ
1277 1137 1353 1222 458,

176 1231 295 1318 σφέων
314 1237 348 1296 Σ
366 1235 440 1315 311,
460 1255 588 1315 qnorum
612 1236 822 1300 vocabulorum
844 1237 979 1301 dubitare
999 1240 1097 1317 possis
1112 1246 1214 1300 utrum
1229 1239 1352 1300 sormam

178 1335 316 1417 solutam,
340 1353 415 1414 quae
439 1336 555 1396 ionicae
574 1335 696 1398 dialecti
719 1339 840 1416 propria
863 1337 928 1418 luit,
952 1355 989 1398 an
1008 1345 1200 1418 contractam,
1223 1355 1299 1417 quiae
1317 1355 1352 1398 ex

177 1453 232 1496 ore
260 1433 476 1513 rhapsodorum
504 1433 640 1494 homines
671 1435 871 1515 excipiebant,
903 1435 996 1496 scribi
1024 1443 1162 1514 praestet.
1208 1434 1354 1514 Equidem

177 1537 210 1596 in
235 1551 268 1594 re
296 1534 409 1593 incerta
437 1531 580 1592 iudicium
607 1549 707 1592 meum
737 1535 906 1596 auctoritati
929 1532 1074 1596 librorum
1098 1532 1235 1611 subigere
1261 1535 1354 1595 tutius

178 1633 265 1711 duxi,
293 1630 372 1690 unde
395 1635 563 1690 contractas
586 1630 694 1690 iormas
717 1629 787 1693 σῶν
811 1627 841 1702 Ξ
861 1629 938 1712 818,
962 1629 1030 1694 τῶν
1053 1633 1087 1694 Κ
1109 1627 1188 1711 253,
1217 1627 1354 1692 Σκαιῶν

179 1729 212 1792 Γ
231 1725 306 1790 263.
330 1728 357 1788 Ζ
380 1725 459 1809 307,
482 1726 695 1808 τρυφαλειῶν
717 1729 762 1790 Μ
780 1726 858 1810 339,
881 1727 1020 1792 κλισιῶν
1048 1731 1085 1790 Ψ
1107 1727 1185 1810 112,
1207 1725 1355 1810 παρειῶν

179 1828 213 1889 Ω
239 1823 316 1906 794,
345 1843 419 1904 quae
448 1835 499 1886 aut
523 1843 579 1886 usu
605 1827 691 1886 tritae
716 1834 801 1888 erant
824 1836 875 1889 ant
898 1828 1094 1906 praecedente
1118 1827 1211 1889 vocali
1235 1844 1354 1886 excusa·

181 1935 228 1986 tae
256 1942 323 1984 esse
351 1921 541 2004 videbantur,
568 1922 645 1984 solas
673 1943 708 1984 ex
741 1928 862 2004 optimis
890 1924 974 1986 libris
1002 1928 1116 2006 recepi3
1149 1925 1227 1986 idem
1256 1933 1354 1985 tamen

180 2023 325 2084 lectiones
353 2021 489 2084 codicum
517 2017 617 2099 ρἰζῶν
644 2020 778 2104 κριθῶν
801 2015 991 2104 άργεννῶν,
1020 2041 1057 2084 ne
1081 2023 1170 2082 nimis
1194 2021 1354 2082 versicolor

181 2129 281 2183 textus
314 2121 480 2182 carminum
513 2121 611 2200 fieret,
643 2131 694 2182 aut
725 2121 917 2198 corrigendas
949 2128 999 2182 aut
1031 2119 1178 2181 similibus
1210 2120 1355 2198 genetivis
1458 2173 1464 2184 .

181 2227 281 2299 spreta
305 2217 443 2278 codicum
467 2218 524 2278 fide
549 2221 697 2281 restitutis
721 2220 910 2298 complendas
935 2221 1043 2298 putavi.

269 2314 442 2396 Analogiam
470 2319 674 2394 genetivornm
698 2320 728 2378 in
753 2339 837 2399 αων,
865 2327 899 2380 ιιι
926 2320 956 2378 in
981 2317 1108 2378 transitu
1132 2315 1188 2376 hoe
1212 2333 1356 2396 moneam,

175 2417 272 2490 etiam
306 2415 480 2475 nominativi
514 2416 545 2475 in
577 2406 666 2495 άων,
698 2414 778 2476 velut
808 2407 1008 2478 Ποσειδάων
1036 2406 1152 2477 ὀπάων
1180 2405 1356 2494 ὃιθνμάων

179 2504 305 2585 Ἰάονες
333 2514 429 2573 secuti
456 2519 540 2594 sunt,
569 2531 696 2592 quorum
724 2515 838 2574 ionicae
860 2514 977 2578 termae
1005 2520 1035 2573 et
1062 2514 1144 2591 ipsae
1172 2515 1203 2573 in
1227 2517 1356 2572 metrum

182 2609 361 2690 dactylicum
386 2613 452 2688 cogi
476 2630 534 2672 non
558 2621 704 2691 poterant
741 2611 840 2673 Minus
863 2608 1356 2690 etiamollcnsionishabct,q1md

183 2717 269 2790 poeta
298 2709 417 2768 nomina
446 2711 555 2770 veteris
579 2711 673 2770 lamae
696 2708 823 2771 aeolicae
848 2701 1001 2790 Μαχάων
1028 2700 1171 2770 Λυκάων
1194 2697 1357 2768 Ἑλικάων

178 2801 337 2871 Ἱκετάων
358 2799 530 2887 Ἀλκμάων
555 2798 760 2889 Ἀμφιάραος
783 2802 958 2880 Μενέλαος
980 2806 1036 2868 alia
1059 2808 1212 2867 imunutata
1236 2803 1358 2885 reliquit

183 2925 281 2986 neque
306 2913 418 2966 restem
441 2906 568 2966 ionicam
592 2899 729 2988 induit.¹)

272 3004 293 3081 ᾖ
318 3001 368 3064 83.
406 3002 643 3064 instrumentalis
667 3021 754 3064 casus
778 3005 808 3063 in
832 3022 872 3081 φι
895 3010 925 3063 et
947 3023 1008 3082 φιν
1026 3001 1149 3064 llomeri
1174 3001 1357 3081 temporibus

184 3103 258 3164 adeo
288 3104 345 3162 iarn
374 3099 541 3162 oblitterari
569 3110 692 3180 coeptus
720 3108 797 3180 erat,
825 3108 859 3162 ut
881 3099 919 3160 ab
942 3099 1071 3162 llomero
1094 3105 1302 3179 praeterquam
1327 3101 1356 3160 in

184 3199 320 3262 formulis
349 3197 543 3260 sollemnibus
571 3206 600 3259 et
628 3201 659 3260 in
673 3197 813 3260 clausula
838 3217 942 3260 versus
965 3199 1027 3259 sive
1051 3197 1177 3276 pedibus
1200 3198 1305 3276 quinto
1329 3206 1358 3258 et

184 3309 269 3361 sexto
297 3317 365 3358 raro
393 3294 593 3357 adhiberetur.
639 3295 699 3356 illis
727 3306 826 3358 autem
849 3296 923 3357 locis
947 3296 1020 3358 adeo
1043 3297 1212 3357 terminatio
1236 3297 1291 3356 ista
1315 3297 1357 3355 in·

185 3405 370 3459 veteraverat
402 3403 433 3454 et
465 3396 551 3474 quasi
583 3394 736 3456 nobilitate
765 3396 916 3473 aeruginis
944 3393 1101 3473 splendere
1130 3391 1297 3472 videbatur,
1324 3399 1358 3453 ut

185 3498 274 3556 etiam
304 3496 331 3554 si
358 3491 439 3553 nulla
468 3495 556 3552 metri
580 3495 758 3554 necessitate
782 3491 956 3571 adigebatur
979 3501 1064 3570 poeta
1088 3510 1122 3552 ea
1146 3493 1189 3552 uti
1211 3491 1359 3570 maluerit,

185 3591 266 3654 velut
294 3593 326 3652 in
353 3587 504 3652 ἵπποισιν
532 3585 585 3652 καλ
616 3583 734 3672 ὄχεσφι
764 3591 796 3650 Δ
823 3586 897 3650 297.
926 3590 957 3650 Ε
983 3585 1056 3649 219.
1082 3585 1200 3649 7941
1220 3584 1294 3649 384.
1320 3587 1361 3647 Μ

190 3688 261 3752 119.
285 3689 320 3749 Σ
340 3684 414 3750 237.
440 3684 460 3747 d
483 3683 563 3770 533,
587 3678 643 3748 διὰ
667 3681 854 3769 στήθεσφιν
877 3689 909 3748 Ε
929 3685 982 3748 41.
1006 3683 1057 3748 57.
1081 3685 1110 3746 Θ
1132 3681 1206 3746 259.
1230 3684 1262 3744 Λ
1284 3682 1357 3745 448.

188 3789 218 3850 Χ
239 3783 313 3848 284.
338 3805 357 3865 χ
380 3782 432 3864 93,
455 3778 531 3867 περὶ
554 3779 719 3866 στήθεσφι
742 3786 771 3846 Β
795 3782 868 3846 388.
891 3785 923 3844 Ε
940 3779 1006 3845 452
1024 3776 1076 3863 (ο1.
1095 3783 1123 3843 Β
1143 3777 1217 3842 544.
1236 3781 1268 3841 Ε
1286 3778 1358 3841 722.

187 3883 260 3948 822.
288 3883 329 3945 Μ
347 3879 418 3944 151.
440 3875 516 3943 425.
535 3883 573 3944 Ν
590 3878 679 3964 245),
703 3883 812 3963 quibus
836 3881 974 3944 omuibus
997 3880 1071 3941 locis
1093 3877 1359 3959 instrumentalem,

186 3982 275 4043 modo
303 3979 372 4040 libri
395 3979 581 4062 addicerent,
610 3983 792 4043 exarandum
815 3984 929 4062 curavi,
953 3981 1085 4059 quamvis
1109 3977 1223 4037 dativus
1247 3966 1359 4056 ὅχεσσι

186 4089 217 4141 et
240 4070 402 4157 στήθεσσι
430 4076 510 4156 leges
538 4087 568 4139 et
591 4082 799 4158 grammaticae
823 4087 853 4138 et
875 4081 1015 4140 metricae
1039 4076 1237 4136 admitterent
1284 4073 1359 4134 lllud

188 4193 308 4256 qnoque
331 4174 409 4234 band
436 4177 566 4252 negarim
590 4175 704 4238 dativus
727 4175 850 4257 pluralis
874 4177 991 4237 numeri
1014 4171 1215 4254 ποδωκείῃσι
1238 4173 1267 4233 Β
1287 4169 1360 4252 702,

188 4326 337 4336 ---—-—--
381 4325 399 4331 -‹

279 4392 385 4462 1)H‘ne
411 4407 521 4460 quoque
548 4391 671 4460 pertinet
693 4391 777 4448 lectio
801 4390 979 4447 Aristarchus
1004 4385 1128 4460 Βιάνορα
1152 4393 1175 4444 Α
1199 4395 1247 4457 92,
1275 4407 1359 4458 quam

188 4471 304 4530 lectioni
323 4471 452 4528 codicum
471 4467 596 4541 Βιήνορα
615 4471 770 4542 anteposui.
