3276 5090
266 565 344 644 quod
388 566 447 627 duo
484 568 602 626 nomina
640 564 763 625 secundi
800 563 869 623 libri
906 572 935 624 et
971 565 1080 643 prioris
1117 573 1147 624 et
1184 564 1306 626 alterius
1342 567 1436 644 partis
1501 603 1507 614 ·

262 653 438 744 Ἀπόπειρα
462 672 491 724 et
511 651 643 746 Ἀγορά,
667 660 811 724 Βοιωτία
835 669 864 721 et
888 659 988 723 Neo3v
1011 653 1204 743 κατάλογος,
1229 671 1258 723 et
1278 665 1348 723 noni
1367 662 1436 724 libri

266 761 366 821 Λιιιιί
386 772 416 822 et
434 759 602 845 Πρεσβεία
625 761 772 838 teruntur,
795 759 864 818 inde
888 759 1093 837 explicandum
1117 779 1182 821 esse
1207 762 1331 841 videtur,
1355 762 1436 841 quod

264 861 446 920 recentiores
477 860 613 920 homines
647 867 716 918 nota
748 864 778 916 et
805 859 875 917 trita
903 859 1020 916 nomina
1049 860 1078 918 in
1107 858 1205 919 locum
1234 858 1435 920 obsoletorom

263 964 293 1015 et
316 955 512 1018 obscurorum
537 957 765 1018 substituerunt.
865 1001 868 1006 .

351 1055 476 1116 Gravius
500 1056 576 1116 ΙἰΙΙοιλ
605 1063 663 1134 est,
692 1051 770 1132 quod
800 1049 940 1111 nonnulla
969 1055 1087 1115 nomina
1115 1055 1217 1134 plures
1240 1056 1331 1117 libros
1355 1075 1434 1118 com-

263 1151 477 1228 plectebantur.
515 1153 788 1214 lllanilestissirnum
811 1148 867 1209 lroc
891 1158 938 1208 est
961 1152 991 1210 in
1011 1155 1129 1214 nominc
1149 1147 1344 1234 Διομήδους
1362 1146 1435 1236 ἀρι-

262 1249 386 1322 στειόις;
420 1271 488 1314 nam
520 1252 599 1332 quod
628 1249 796 1310 Herodotus
830 1244 855 1306 ll
886 1243 948 1308 116
982 1267 1086 1312 versus
1115 1251 1141 1311 Z
1170 1249 1323 1314 289--92
1353 1254 1434 1312 Διο-

261 1339 390 1425 μήδους
418 1339 585 1427 ἀριστείας
613 1333 704 1407 luisse
733 1353 847 1424 narrat,
876 1343 931 1404 lroc
959 1355 1061 1426 aperte
1088 1349 1199 1410 indicat
1226 1350 1276 1410 illo
1300 1357 1434 1427 tempore

262 1442 354 1503 libros
378 1447 514 1522 quintum
539 1454 569 1506 et
592 1453 708 1505 sextum
732 1443 883 1502 communi
907 1446 1025 1504 nomine
1049 1449 1114 1507 eius
1138 1450 1225 1528 regis,
1249 1450 1298 1509 cui
1321 1449 1434 1526 primae

261 1541 291 1599 in
320 1542 357 1600 iis
386 1551 485 1619 partes
513 1552 611 1624 erant,
640 1540 871 1620 comprehensos
899 1539 1000 1602 luisse.
1048 1543 1106 1604 Sed
1130 1538 1340 1628 Πατρόκλοιο
1362 1563 1433 1625 quo-

261 1657 318 1716 que
338 1638 408 1699 olim
428 1641 503 1701 duos
522 1641 614 1702 lilrros
634 1649 663 1701 et
683 1639 839 1700 dimidium
854 1639 969 1699 Π-Σ
979 1639 1045 1703 242
1060 1643 1212 1723 complexa
1226 1662 1292 1706 esse
1307 1642 1433 1720 ridetur,

260 1737 406 1814 siquidem
430 1742 482 1818 qui
506 1758 585 1800 rruuc
610 1738 693 1798 audit
712 1730 921 1819 Πατρόκλοιο
944 1739 1020 1800 liber
1039 1749 1140 1802 sextus
1164 1743 1297 1803 decimus
1321 1743 1434 1801 rectius

260 1829 374 1908 ἔξοδος
397 1829 597 1918 Πατρόκλου
620 1836 779 1896 diceretur.
816 1835 860 1895 td
883 1845 1068 1915 postremum
1088 1833 1303 1920 Μνηστήρων
1326 1831 1433 1919 φόνος

259 1930 295 1990 alr
319 1933 452 2015 Aeliano,
483 1953 540 1995 var.
565 1935 633 1994 hist.
658 1933 725 1992 lllll
751 1929 793 1991 14
817 1935 894 1994 inter
916 1933 1050 2015 Nc‘ncpo
1074 1944 1104 1996 et
1131 1929 1179 1998 Tol
1203 1931 1240 1998 ἐν
1263 1929 1355 2020 ἀγρῷ
1379 1955 1431 2014 po·

259 2031 335 2090 situs
363 2030 510 2111 Odysseae
543 2032 636 2092 libros
665 2029 732 2090 XXl
765 2039 795 2089 et
824 2029 903 2091 llllll
934 2041 964 2092 et
992 2025 1159 2114 ἀπόλογος
1184 2025 1352 2112 Ἀλκίνου,
1386 2033 1432 2092 vel

259 2126 336 2204 quod
367 2128 435 2188 olim
464 2130 576 2189 dictum
607 2129 699 2189 luisse
728 2129 843 2189 conicio
871 2120 1039 2209 ἀπόλονος
1066 2127 1102 2192 ἐν
1127 2123 1311 2209 Ἀλκίνουῑ)
1339 2139 1431 2191 totam

261 2223 388 2284 tabulam
408 2225 520 2306 Ulyssis
544 2246 681 2288 errorum
705 2229 736 2286 in
755 2226 869 2286 Alcinoi
888 2226 974 2286 domo
995 2237 1182 2290 narratorum
1202 2232 1263 2290 sive
1283 2226 1431 2308 Odysseae

259 2322 350 2382 libros
380 2322 543 2383 Vlll—llll
571 2322 849 2402 comprehendebat.
898 2323 946 2382 Sic
975 2329 1054 2386 enim
1083 2327 1149 2387 lieri
1176 2330 1286 2407 potuit,
1314 2335 1431 2387 utnon

258 2420 354 2480 solnm
373 2424 504 2482 narratio
523 2421 645 2502 Ulyssis,
669 2439 757 2500 quam
776 2419 814 2480 ob
833 2423 954 2482 nimiam
972 2422 1171 2500 prolixitatem
1189 2427 1220 2486 in
1239 2424 1431 2502 proverbium

258 2518 366 2580 abiisse
395 2519 501 2580 Suidas
531 2514 665 2603 docet2),
694 2512 849 2598 διήγησις
875 2515 944 2580 τῶν
971 2511 1056 2601 πρὸς
1080 2510 1253 2582 Ἀλκίνοον
1276 2525 1307 2582 in
1331 2519 1430 2581 tabula

258 2615 343 2677 lliaca
372 2617 536 2699 diceretur,
565 2617 617 2678 sed
645 2619 734 2676 etiam
762 2618 872 2694 agnitio
900 2617 1013 2696 Ulyssis
1042 2620 1172 2679 carmine
1201 2618 1361 2681 Demodoci
1393 2617 1428 2677 ad

257 2712 393 2774 lacrimas
416 2718 556 2776 commoti
574 2717 601 2776 O
619 2711 684 2775 522
703 2733 776 2795 sqq,
800 2732 875 2792 quae
899 2733 1034 2776 errorum
1058 2719 1222 2778 narrationi
1246 2719 1330 2796 quasi
1355 2717 1428 2775 viam

257 2815 377 2891 sternit,
401 2812 439 2873 ab
461 2813 633 2893 Aristotele,
661 2823 738 2890 poet.
762 2832 787 2872 c.
814 2811 854 2873 16
879 2831 947 2892 pars
969 2804 1121 2875 Ἀλκίνου
1144 2803 1314 2892 ἄπολόγου
1338 2815 1429 2874 luisse

257 2906 506 2990 perhiberetur.³)

346 3009 424 3070 llaec
454 3027 521 3068 vero
551 3009 777 3087 comprehensio
800 3009 930 3088 plurium
953 3009 1098 3070 librorum
1122 3013 1151 3070 in
1175 3013 1265 3092 unius
1288 3014 1429 3073 carminis

256 3125 366 3185 corpus
394 3116 423 3167 et
447 3125 533 3168 usum
558 3107 773 3185 rhapsodonrm
797 3106 852 3166 hos
876 3107 967 3168 libros
991 3109 1053 3168 lere
1076 3110 1320 3186 coniungentium
1345 3113 1426 3171 etin

256 3206 350 3264 sacris
379 3205 507 3285 publicis
535 3206 675 3284 deinceps
705 3206 894 3266 recitantium
920 3213 1048 3266 testatur
1076 3214 1106 3266 et
1129 3206 1165 3266 ad
1188 3215 1340 3268 auctorem
1365 3226 1427 3268 car-

257 3304 369 3362 minum
401 3307 500 3382 ipsum
533 3304 633 3382 plnres
666 3302 759 3362 libros
791 3306 933 3364 continuo
961 3313 1138 3382 pangentem
1167 3305 1330 3367 revocanda
1361 3324 1427 3366 esse

257 3401 382 3462 ridetur.
421 3403 553 3481 Namque
577 3419 695 3462 errores
715 3400 827 3480 Ulyssis
846 3419 938 3462 uuum
957 3419 1076 3462 carmen
1096 3411 1273 3481 perpetuum
1294 3404 1427 3465 elliciuut

256 3509 286 3560 et
315 3502 340 3558 si
369 3501 468 3561 minus
496 3498 532 3560 ab
562 3517 622 3558 uno
654 3507 740 3577 pocta
768 3501 880 3559 inventi
905 3505 934 3558 et
957 3501 1069 3584 narrati
1093 3508 1171 3580 sunt,
1194 3501 1304 3562 nullam
1328 3511 1426 3561 tamen

345 3691 372 3758 1)
392 3689 467 3744 Scite
487 3688 572 3743 schol.
592 3688 652 3742 cod.
671 3687 745 3741 Mon.
766 3687 802 3740 cd
820 3685 914 3743 locum
931 3685 1056 3742 Platonis
1073 3683 1194 3744 Ἀλκίνου
1213 3685 1355 3759 ἀπόλογον
1373 3707 1425 3761 pro

256 3767 382 3838 ίστοριόιν
400 3766 478 3839 παρὰ
498 3769 549 3824 τοῦ
567 3763 687 3823 Ἀλκίνου
707 3765 813 3821 dictum
833 3783 893 3822 esse
911 3772 1015 3825 monet
1051 3768 1117 3823 Miri
1135 3773 1229 3836 entem
1247 3770 1325 3826 tituli
1343 3771 1425 3841 origi·

255 3868 319 3904 nem
342 3851 384 3905 ita
408 3849 529 3919 explico,
553 3853 586 3904 ut
608 3867 671 3904 oum
695 3847 817 3918 primum
835 3847 934 3904 sobole.
952 3864 1075 3904 errorum
1094 3850 1233 3920 Odysseae
1253 3849 1285 3906 lv
1301 3848 1424 3912 Ἀλκίνου
1512 3849 1516 3854 ’

254 3927 393 4000 ιῖπόλογος
422 3931 498 3986 recte
527 3930 606 3984 dicta
633 3935 718 4000 esset,
747 3947 812 3985 mox
839 3929 965 3986 fabulam
990 3928 1071 3982 illem
1095 3925 1126 3984 ἐν
1148 3925 1268 3986 Ἀλκίνου
1293 3929 1424 4010 ἀπολόγῳ

254 4014 363 4066 exstare
382 4010 453 4066 falso
473 4013 658 4066 autumarent.
713 4075 720 4086 ·
1276 4027 1280 4036 ·

342 4095 369 4159 2)
397 4091 498 4147 Suidas
522 4086 668 4160 Ἀπόλογος
693 4085 816 4146 Ἀλκίνου
846 4087 893 4145 ἐπί
919 4089 975 4144 τῶν
1004 4089 1207 4162 φλυαρούντων
1234 4093 1285 4148 καλ
1311 4093 1425 4168 μακρὰν

254 4167 461 4228 όποτεινόντων
479 4170 570 4242 λόγον.

343 4255 371 4320 3)
390 4253 584 4308 Telemachioe
603 4269 715 4326 quoque
732 4269 834 4308 nomen
854 4251 975 4320 quatuor
992 4252 1077 4308 libros
1097 4251 1147 4307 Od.
1166 4256 1239 4308 c-o
1258 4257 1304 4312 vel
1322 4259 1423 4315 saltem

256 4332 344 4387 libros
363 4333 477 4388 tertium
492 4337 522 4388 et
535 4332 665 4404 quartum
680 4331 922 4404 comprehendisse
936 4332 1001 4387 indo
1016 4335 1141 4403 apparet,
1160 4333 1237 4401 quod
1250 4335 1315 4393 libri
1330 4340 1424 4408 quarti

255 4428 349 4466 versus
372 4411 478 4481 primos
502 4413 619 4468 extremi
642 4431 738 4468 versus
762 4413 826 4470 libri
849 4412 928 4468 tertii
946 4413 1113 4468 sententium
1132 4415 1256 4484 complet
1277 4435 1368 4488 neque
1386 4421 1423 4476 cb

252 4509 284 4548 eo
303 4493 400 4548 divelli
418 4496 519 4564 poteri.
