3306 5070
695 393 892 444 1A1Al0211
1255 435 1257 438 .
1311 392 1376 458 219

205 552 277 621 ἀλλ’
295 554 330 620 ἔκ
351 575 401 620 τοι
425 555 538 635 θερέω,
561 555 600 620 τὸ
623 556 659 620 δὲ
683 556 734 620 καί
756 557 983 635 τετελεεμένον
1006 555 1106 621 ἔσται·
1354 555 1375 622 3

206 661 234 728 εί
255 660 284 727 κ’
306 662 352 728 ἔτι
376 660 402 726 c’
425 660 626 742 ἀφραίνοντα
649 664 812 743 κιχήσομαι
836 661 880 727 ὥ(
904 663 943 728 νύ
967 684 1027 744 περ
1051 661 1128 742 ῶδε,

205 768 310 850 μηκέτ’
333 766 432 834 ἔπειτ’
454 766 579 849 Ὀδυσῆι
601 768 681 849 κάρη
704 769 834 849 ὤμοισιν
856 769 959 850 ἐπείη,

206 874 275 956 μηδ’
299 875 345 940 ἔτι
368 874 568 954 Ῐηλεμάχοιο
592 878 697 956 πατὴρ
720 878 911 956 κεκλημένοι
936 876 1017 957 είην,

206 983 232 1049 εἰ
255 985 296 1064 μὴ
320 981 385 1059 ἐγώ
410 1003 442 1047 cs
467 983 576 1063 λαβῶν
599 980 664 1048 ἀπὸ
688 984 746 1063 μὲν
769 983 849 1063 φίλα
866 984 1002 1064 ’ίείματα
1025 984 1124 1064 δύτω,

206 1089 342 1169 χλαῖνάν
364 1088 393 1153 τ’
414 1089 471 1168 ῆδὲ
496 1093 628 1170 χιτῶνα,
652 1089 692 1155 τά
714 1088 741 1155 τ’
764 1089 844 1156 αἰδῶ
863 1089 1110 1172 ἀμφικαλύπτει,

206 1198 305 1263 αὐτὸν
328 1199 364 1262 δὲ
388 1197 540 1263 κλαίοντα
563 1197 641 1263 θοὰτ
664 1198 717 1263 ἐπὶ
740 1202 819 1278 νῆαε
842 1196 955 1278 ἀφήτω

206 1305 379 1385 πεπληγῶε
403 1302 562 1384 ἀγορῆθεν
585 1303 734 1370 ἀίεικέτει
757 1287 940 1391 πληγῇσιν.ιιι

294 1412 339 1476 ῶε
362 1409 413 1490 ἀρ’
436 1410 513 1491 ἔφη,
538 1413 684 1494 εκῆπτρῳ
708 1412 743 1476 δὲ
767 1412 971 1493 μετάφρενον
995 1413 1051 1492 ἠδὲ
1067 1413 1126 1477 ’καί
1149 1411 1226 1490 ὤμω

208 1522 339 1600 πλῆξεν·
372 1516 443 1584 ὅδ’
466 1518 600 1597 ἰδνώθη,
624 1519 763 1598 θαλερὸν
786 1521 822 1585 δέ
846 1525 894 1585 θοι
919 1519 1029 1586 ἔκπεσε
1054 1519 1164 1599 δάκρυ,

207 1630 322 1708 εμῶδιξ
346 1623 376 1689 δ’
399 1623 588 1705 αἱματόεσσα
611 1627 815 1706 μεταφρένου
839 1628 1033 1706 ἐξυπανέστη

208 1737 365 1816 εκὴπτρου
389 1732 453 1797 ὕπο
478 1733 621 1811 χρυσέου.
666 1733 685 1798 ὃ
709 1731 737 1796 δ’
760 1731 810 1813 ἀρ’
833 1735 923 1800 ἕζετο
946 1733 1100 1815 τάρβησέν
1122 1754 1173 1812 τε,

206 1841 345 1921 ἀλγῆεαε
368 1837 404 1918 δ’,
428 1837 561 1919 ἀχρεῖον
585 1837 685 1919 ὁρῶν,
709 1839 914 1920 ἀπομόρξατο
938 1840 1045 1920 δάκρυ.
1084 1915 1088 1922 .

207 1950 238 2014 οἳ
262 1949 298 2013 δὲ
321 1948 373 2012 καὶ
396 1945 570 2026 ἀχνύμενοί
594 1968 655 2026 περ
678 1945 728 2012 ἐπ’
751 1947 840 2032 αὐτῷ
863 1950 940 2027 ίηδὺ
963 1949 1128 2028 γέλαεεαν.

207 2054 270 2121 ῶδε
294 2055 329 2121 δέ
353 2074 399 2118 τιτ
423 2053 564 2120 Ἑείπεεκε
588 2055 686 2120 Ριδῶν
708 2055 742 2120 ἐι
765 2055 899 2135 πλησίον
922 2053 1037 2120 ἄλλον·

206 2163 256 2247 „tls
280 2161 393 2241 πόποι,
417 2162 437 2241 ῆ
460 2162 500 2250 δὴ
524 2160 611 2241 μυρί’
633 2159 800 2227 Ὀδυτεεὺε
823 2161 918 2228 ἐσθλὰ
936 2163 1088 2242 ίέίοργεν

159 2275 162 2280 “
208 2270 326 2352 βουλάε
349 2267 376 2334 τ’
400 2268 544 2348 ἐξάρχων
568 2268 689 2346 ἀγαθὰ(
712 2267 857 2346 πόλεμόν
879 2289 914 2333 τε
938 2269 1113 2349 κορύσσων·

207 2383 267 2442 νῦν
290 2378 325 2440 δὲ
349 2375 424 2441 τόδε
450 2374 518 2456 μέγ’
541 2359 669 2455 ἄριστον
692 2375 729 2440 ἐν
752 2373 1082 2456 Ἀργείοιειν.ἔρεξεν,

206 2485 243 2548 ὃ(
266 2483 323 2548 τὸν
347 2486 516 2563 λωβητῆρα
539 2481 735 2563 ίεπετβόλον
758 2479 823 2560 ἔεχ’
845 2480 1006 2562 ἀγοράων.

209 2590 248 2656 οὔ
274 2591 332 2670 θήν
356 2610 408 2670 μιν
430 2588 528 2655 πάλιν
550 2588 638 2654 αὖτιτ
662 2586 770 2669 ἀνήκει
793 2589 892 2669 θυμὸε
914 2588 1044 2670 ἀγήνωρ

206 2697 350 2763 νεικείειν
375 2700 523 2778 βατιλῆαε
546 2696 725 2762 ἀνειδείοιει
748 2697 916 2762 ίέπεεαν.ιι

298 2805 343 2869 ῶε
366 2801 474 2883 φάσαν
496 2805 515 2883 ἡ
540 2804 675 2884 πληθθε·
707 2801 769 2868 ἀνὰ
793 2803 828 2868 δὲ
852 2803 1069 2884 πτολίπορθαε
1091 2801 1258 2869 Ὀδυεεεθε

207 2911 280 2989 ἔετη
304 2915 463 2991 εκῆπτρον
486 2910 581 2991 ἔχων.
628 2911 716 2990 παρὰ
738 2911 774 2975 δὲ
798 2913 981 2988 γλαυκῶπι(
1004 2909 1132 2991 Ἀθῆνη,

206 3020 373 3098 ίειδομένη
397 3019 517 3099 κήρυκι,
541 3021 663 3084 ειωπᾱν
686 3019 769 3084 λαὸν
792 3017 923 3098 ἀνώγει,

208 3125 252 3190 ῶε
275 3125 340 3204 ἅμα
362 3131 411 3190 fot
435 3126 557 3205 πρῶτοί
580 3147 615 3191 τε
639 3127 689 3190 καί
712 3125 839 3190 ὕστατοι
863 3123 929 3191 υίεε
953 3124 1089 3204 Ἀχαιῶν

207 3235 307 3310 μῦθον
330 3228 497 3297 ἀκούσειαν
521 3233 572 3297 καί
594 3233 847 3313 ἐπιφραεταίατο
872 3233 1000 3312 βουλήν.

206 3337 225 3401 ὅ
248 3357 324 3417 (φιν
346 3339 535 3418 ἐυφρονέων
558 3338 737 3422 ἀγαρήεατο
761 3341 812 3406 καὶ
835 3341 1032 3422 μετέίειπεν·

205 3442 378 3523 ,,Ἀτρείδη,
402 3449 461 3510 νῦν
488 3448 527 3525 δή
552 3468 597 3526 τε,
621 3446 731 3527 ίάναξ,
755 3449 919 3514 ἐθέλουειν
942 3445 1062 3525 Ἀχαιοί

277 3612 783 3685 257=p187.0229.082.A212
839 3617 1132 3669 271=A81.X372
1188 3617 1378 3669 283=A73.

277 3776 330 3826 268
354 3772 385 3827 εί
402 3766 431 3826 ν’
458 3769 499 3826 ἔτι
518 3771 591 3827 AOD
616 3773 693 3828 Ζευς
723 3771 750 3828 εί
771 3771 804 3828 δέ
827 3793 854 3828 τι
877 3773 924 3828 Ar.
941 3805 973 3814 —-
989 3769 1139 3844 κιχήσομαι
1164 3772 1242 3828 οοάἀ.
1263 3775 1295 3828 ul
1314 3773 1381 3829 edll.

206 3851 367 3922 Sinopensis
386 3853 416 3906 el
432 3851 616 3908 Philemonis=
641 3855 782 3923 κιγείομαι
800 3853 978 3909 Ptolemaeus
996 3885 1025 3894 -
1049 3850 1086 3916 ὡς
1105 3849 1136 3906 τὸ
1157 3849 1246 3920 πάρος
1263 3871 1317 3924 περ
1337 3854 1380 3910 ed.

207 3931 302 4002 Sinop.
320 3925 438 4001 ὕστερον
457 3923 537 3995 αὖτις
556 3933 598 3988 ed.
618 3933 722 3990 Massil.
743 3929 774 3989 ἒν
790 3939 947 3989 Δαναοῖσιν
967 3934 1008 3991 ed.
1025 3933 1198 3989 Philemonis
1271 3941 1323 3989 262
1339 3937 1382 3988 αι’-

207 4008 266 4066 6οι”’
287 4013 381 4082 Ρογαο
400 4011 508 4082 Knighl
558 4019 610 4068 284
629 4034 670 4083 γρ.
686 4012 835 4084 πεπλήγων
851 4015 937 4070 schol.
953 4015 974 4068 Β
992 4046 1024 4056 -
1039 4009 1182 4070 σίσιιιὲεσιν
1197 4013 1268 4070 coni.
1284 4014 1383 4069 Nauck

208 4099 260 4146 266
286 4087 426 4159 θαίεράνι
455 4087 561 4147 ἁλυκὸν
588 4091 687 4148 Suidas
714 4113 734 4149 s.
758 4096 784 4151 h.
804 4113 830 4149 ν.
852 4127 884 4135 -
905 4092 1004 4150 ἔκπεσε
1032 4095 1126 4150 cedda
1156 4093 1262 4162 ἔκφυγε
1290 4093 1336 4148 Ar.

206 4177 258 4226 269
277 4167 353 4240 ὁρῶν
368 4171 501 4243 Bentley:
520 4169 590 4228 ἰδὼν
604 4173 685 4230 codd.
705 4205 737 4214 -
757 4170 936 4244 ἄπεμόρξασο
951 4175 975 4228 D
1013 4181 1064 4229 276
1079 4170 1173 4245 οἶνήσῃ
1188 4173 1280 4244 Apoll.
1297 4173 1382 4244 Soph.

211 4257 289 4320 2,19
379 4259 431 4309 227
456 4248 607 4315 ὀνειδείοις
631 4248 761 4309 ἐπέεσσιν
784 4254 864 4309 αοάἀ,
887 4288 891 4296 ,
956 4260 1008 4310 278
1027 4275 1069 4324 γρ.
1089 4253 1121 4310 δὲ
1141 4258 1216 4309 πτολ.
1236 4253 1325 4311 schol.
1344 4255 1381 4308 A:

206 4326 236 4385 δ’
257 4327 273 4388 ὁ
293 4337 369 4388 πτολ.
390 4331 462 4388 ΑΟῙ)
482 4333 543 4401 Λα,
568 4329 600 4387 δὲ
624 4328 791 4404 μεγάθυμος
813 4335 927 4402 poetam
950 4334 1051 4389 dixisse
1070 4334 1112 4390 ila
1130 4333 1251 4402 conici0,
1272 4336 1305 4390 ul
1322 4335 1381 4389 vul·

207 4413 305 4480 galam
324 4413 480 4469 clausulam
498 4431 596 4468 versus
614 4430 647 4468 ex
666 4410 867 4468 recenlioribus
886 4413 1056 4470 caminibus
1082 4419 1109 4470 K
1122 4420 1182 4471 863.
1207 4418 1269 4472 θθ.
1288 4433 1309 4468 σε
1322 4420 1383 4469 442.

204 4511 222 4561 γ
237 4499 290 4549 283
309 4494 365 4548 hue
379 4492 489 4548 illatam
504 4509 563 4549 esse
577 4492 697 4548 sentiam
756 4499 807 4548 281
823 4486 882 4564 ἅμα
896 4487 930 4548 θ’
947 4491 977 4548 οἱ
989 4494 1070 4550 οοάἀ.
1129 4499 1182 4550 284
1196 4495 1250 4550 νῦν
1265 4490 1321 4564 γὰρ
1336 4494 1381 4548 Ar.
