3280 5104
773 377 1009 440 „144-

307 539 358 598 sed
388 537 599 616 exemplarium
627 545 810 599 vetustorum
840 538 897 598 lide
921 536 1081 600 adductum
1106 556 1172 600 esse
1195 555 1282 598 nemo
1305 555 1366 597 non
1389 535 1479 616 ridet,

308 635 366 695 nisi
393 636 444 712 qui
471 633 544 694 adeo
567 635 731 696 Aristarchi
755 636 854 696 studio
878 635 1015 716 llagrant,
1041 642 1075 695 ut
1098 635 1280 715 grammatici
1304 635 1478 710 interpretis

265 745 269 754 ·
306 734 512 792 auctoritatem
551 735 643 812 magis
676 735 764 794 etiam
796 753 884 813 quam
917 741 1021 812 poetae
1055 735 1148 812 ipsius
1181 740 1274 793 artem
1307 731 1481 808 respiciant.

306 828 369 899 Qua
393 830 429 890 de
448 849 536 892 causa
554 850 614 892 non
634 831 729 892 solum
750 831 805 892 boc
824 831 889 892 loco
908 828 1012 903 πολῦς
1031 833 1147 911 scripsi,
1171 831 1331 892 sedetiam
1351 832 1382 889 A
1401 825 1478 890 559.

307 928 344 988 Ν
375 925 446 988 734.
476 928 505 988 0
532 927 583 989 66.
609 929 638 988 Y
663 925 736 989 313.
762 927 794 988 Φ
816 927 868 990 59.
894 927 966 990 131.
989 951 1010 1009 γ
1034 927 1108 991 262.
1133 927 1153 990 d
1184 925 1246 990 170
1270 929 1477 1006 antiquitatem

310 1027 420 1086 lormae
449 1028 591 1105 synizesis
622 1027 742 1088 duritiei
770 1029 934 1105 anteposui.
943 1022 967 1108 ¹)
1014 1027 1091 1096 Quin
1121 1028 1209 1088 etiarn
1233 1027 1314 1086 omrri
1341 1024 1478 1085 codicum

306 1124 626 1202 grammaticorumqne
649 1124 798 1202 praesidio
822 1124 983 1187 destitutus
1004 1121 1141 1197 πελέκυς
1164 1121 1291 1185 Ψ114.
1311 1119 1385 1184 851.
1405 1118 1480 1182 850.

307 1219 380 1282 832.
409 1241 435 1300 φ
467 1217 538 1281 120.
566 1217 640 1280 200.
668 1239 686 1280 τ
713 1217 778 1280 573
807 1222 939 1282 scribere
968 1241 1056 1302 quam
1084 1222 1158 1282 duas
1181 1229 1329 1282 extremas
1353 1219 1479 1300 syllabas

308 1317 440 1396 vulgatae
469 1317 580 1378 lormae
607 1311 761 1390 assidaeos
783 1320 959 1381 contrahere
984 1320 1081 1382 malni.
1127 1318 1211 1390 Ouod
1236 1338 1305 1380 vero
1330 1319 1393 1380 loco
1418 1318 1480 1378 lan·

307 1416 375 1476 dato
402 1416 431 1475 B
460 1413 524 1477 648
558 1416 651 1476 lorma
682 1407 779 1488 πόλις
811 1417 922 1480 codicis
953 1421 1059 1498 optimi
1086 1416 1190 1480 Veneti
1220 1417 1276 1477 ilde
1305 1419 1478 1478 confirmata

307 1522 362 1593 est,
385 1531 486 1574 ansam
510 1511 595 1573 nobis
619 1512 765 1594 praebuit,
789 1521 821 1574 ut
839 1513 1007 1578 Bekkerum
1030 1516 1137 1577 ducem
1159 1517 1254 1576 secuti
1272 1517 1360 1576 ctiam
1381 1515 1478 1576 tribus

307 1612 372 1674 aliis
405 1612 478 1674 locis
505 1613 528 1673 Ι
553 1609 626 1673 328.
655 1613 689 1672 Σ
714 1609 788 1673 342.
815 1610 882 1674 490
914 1615 978 1674 sine
1006 1612 1066 1674 ullo
1094 1621 1144 1674 aut
1172 1615 1278 1690 exigno
1307 1612 1477 1674 adiumento

308 1710 444 1770 codicum
459 1703 555 1782 πόλις
569 1728 623 1789 pro
633 1701 746 1782 πόλεις
755 1718 785 1769 ct
796 1709 865 1770 libri
875 1710 1041 1773 duodecimi
1055 1718 1196 1790 quattuor
1211 1709 1345 1770 versibus
1356 1711 1399 1772 M
1404 1707 1478 1772 258.

308 1807 382 1870 203.
399 1807 474 1871 308.
490 1805 554 1870 375
570 1801 700 1880 ἐπάλξις
713 1826 768 1886 pro
784 1801 930 1882 ἐπάλξεις
945 1826 1167 1888 reponeremus.
1205 1807 1263 1868 Sed
1278 1827 1390 1887 omncs,
1405 1827 1478 1888 quas

308 1909 521 1986 recensuimus,
544 1906 654 1966 formas
673 1907 782 1966 veteris
801 1908 971 1984 graecitatis
991 1907 1082 1969 luisse
1102 1914 1132 1968 et
1152 1905 1273 1966 Homeri
1293 1907 1477 1986 temporibus

307 2007 364 2065 ism
393 2003 558 2066 oblitterari
586 2012 707 2082 coeptas
734 2021 800 2064 csse
824 2023 858 2064 ex
888 2023 923 2064 eo
948 2004 1145 2085 intellegitur,
1178 2005 1255 2083 quod
1286 2023 1353 2066 cum
1381 1999 1480 2077 νέκυς

308 2089 367 2164 uno
392 2103 456 2164 loco
480 2111 585 2183 exstet,
609 2120 713 2162 novem
737 2101 810 2162 locis
834 2093 887 2182 (H
904 2099 981 2164 418.
1004 2102 1037 2162 K
1060 2099 1134 2165 298.
1157 2103 1188 2162 Α
1211 2098 1284 2162 534.
1310 2099 1431 2164 0251.
1453 2105 1482 2162 Τ

307 2197 383 2260 499.
415 2201 433 2260 λ
466 2197 519 2261 93.
550 2222 569 2281 χ
597 2197 671 2262 407.
698 2195 774 2260 437.
801 2195 882 2280 448)
914 2193 1034 2272 νέκυας
1067 2198 1175 2278 legitur
1208 2209 1238 2261 ct
1270 2199 1358 2260 simili
1392 2198 1479 2262 modo

308 2299 389 2358 iuxta
419 2305 534 2358 veteres
558 2299 742 2359 accusativos
765 2289 860 2369 πόλις
880 2285 1012 2377 Ἐρινῦς
1034 2293 1095 2370 σῦς
1118 2300 1206 2358 etiam
1230 2299 1390 2359 accusativi
1413 2316 1479 2358 ana-

308 2395 414 2474 logiam
443 2394 626 2475 rellqnorum
656 2397 809 2457 nominum
833 2396 936 2455 tertiae
962 2394 1166 2456 declinationis
1189 2397 1339 2456 imitantes
1362 2387 1480 2468 πόλιας

307 2485 434 2571 πόληας
459 2482 613 2572 Ἐρινύας
645 2487 766 2564 πολέας
797 2483 917 2565 πόσιας
948 2483 1065 2574 άκριας
1097 2495 1137 2553 ita
1170 2501 1347 2572 occurrunt,
1379 2501 1413 2554 ut
1441 2510 1478 2552 ne

307 2591 491 2668 antiquiores
510 2590 630 2668 quidem
650 2597 750 2669 partes
764 2588 864 2649 iliadis
883 2609 898 2650 a
918 2591 1136 2652 recentioribus
1155 2591 1316 2671 quidquam
1333 2590 1478 2650 differant

396 2687 416 2763 g
440 2685 492 2749 87.
529 2687 671 2748 infinitivi
693 2687 779 2764 longe
803 2685 924 2765 plurimi
948 2689 978 2750 in
997 2687 1118 2750 Homeri
1137 2686 1319 2750 carminibus
1343 2687 1479 2766 vulgares

307 2787 417 2846 lormns
455 2785 569 2845 ionicae
606 2792 636 2845 et
671 2785 778 2845 atticae
815 2783 934 2848 dialecti
970 2786 1119 2848 exhibent.
1170 2784 1228 2848 Sed
1263 2795 1383 2864 praeter
1414 2785 1479 2847 illas

307 2879 484 2943 Homeridae
503 2880 623 2944 aeolicis
642 2900 760 2963 quoque
780 2884 933 2946 infinitivis
952 2887 983 2947 in
1001 2903 1109 2966 penne,
1126 2885 1179 2965 ¹qni
1199 2903 1267 2946 curn
1286 2902 1321 2944 ex
1340 2883 1478 2944 Ariorum

310 2980 464 3040 infinitivis
482 2981 513 3040 in
533 2983 638 3056 manni,
657 2989 691 3041 ut
709 2976 887 3056 ‘vidmanai’‚
907 2978 1064 3043 ‘damanai’
1085 2984 1142 3043 orti
1162 2984 1221 3044 sint
1235 2999 1332 3061 noque
1347 3001 1364 3042 a
1378 2981 1479 3043 dorica

309 3077 434 3138 dialecto
453 3095 577 3156 prorsus
592 3077 740 3140 exularint
754 3073 806 3158 (cl.
815 3079 915 3160 Meyer
925 3081 975 3142 tir.
985 3079 1034 3140 Gr.
1049 3079 1069 3157 ἓ
1084 3075 1173 3162 591),
1187 3082 1296 3142 veteris
1310 3082 1479 3160 graecitatis

310 3195 482 3239 communes
506 3180 598 3240 luisse
622 3177 774 3256 videntur,
796 3177 874 3239 baud
898 3196 965 3240 raro
989 3179 1036 3238 usi
1059 3185 1182 3239 suntet
1205 3197 1309 3238 novam
1333 3177 1479 3257 quandam

308 3276 448 3336 infinitivi
479 3277 583 3335 aoristi
611 3273 637 3334 ll
669 3281 724 3334 act.
758 3273 880 3336 sormam
910 3276 1123 3354 procuderant.
1168 3276 1265 3355 Atque
1293 3286 1410 3337 veteres
1438 3273 1478 3334 illi

310 3373 430 3451 quidem
462 3374 600 3433 infinitivi
632 3373 866 3451 frequentissimi
899 3381 969 3434 sunt
1001 3391 1106 3435 eorum
1138 3373 1311 3452 verborum,
1343 3390 1419 3452 quac
1448 3374 1477 3431 in

309 3469 376 3531 aliis
405 3489 523 3549 quoquc
552 3470 647 3530 modis
678 3471 842 3530 secundum
871 3478 1001 3532 veterem
1029 3471 1197 3532 declinandi
1224 3489 1338 3532 morem
1370 3468 1478 3530 ovillam

310 3570 388 3630 inter
421 3570 545 3648 stirpem
578 3575 608 3628 et
635 3569 874 3628 terminationem
903 3569 1033 3648 vocalem
1062 3569 1248 3648 intericiunt,
1281 3575 1315 3628 ut
1342 3565 1478 3647 ἔμμεναι

310 3665 424 3747 ἔμεναι
467 3660 608 3746 θέμεναι
651 3657 825 3746 κιχήμεναι
867 3659 1040 3747 ἱστάμεναι
1082 3659 1298 3746 ζευγνύμεναι
1338 3656 1478 3746 βήμεναι

309 3757 451 3846 δύμεναι
479 3758 648 3845 γνώμεναι
675 3753 857 3843 οὐτάμεναι
884 3757 1044 3844 κτάμεναι
1067 3756 1207 3844 δόμεναι
1230 3755 1407 3842 ἑστάμεναι
1431 3760 1478 3824 ld-

309 3883 407 3943 μεναι
434 3855 648 3942 τεθνάμεναι.
699 3861 756 3922 Sed
790 3860 884 3922 vocali
912 3879 1031 3940 quoque
1059 3860 1216 3923 thematica
1243 3863 1323 3922 inter
1356 3863 1477 3940 stirpem

310 3970 340 4021 et
367 3963 606 4022 terminationem
633 3962 789 4022 interiecta
812 3969 842 4021 et
869 3959 1035 4038 praesentis
1058 3966 1089 4019 et
1111 3961 1213 4020 aoristi
1237 3965 1267 4020 et
1291 3958 1383 4018 luturl
1408 3965 1478 4018 tcm-

310 4060 391 4137 poris
414 4061 464 4120 isti
491 4059 629 4120 infinitivi
656 4066 832 4134 occurrunt,
861 4067 894 4117 ut
920 4047 1102 4136 άειδέμενει
1130 4047 1329 4135 ἀκουέμεναι
1357 4049 1478 4135 ελπέμε-

309 4177 366 4217 ναι
390 4151 566 4236 ἐλθέμεναι
590 4148 744 4236 ἀξέμεναι
767 4150 951 4236 θησέμεναι
974 4153 1032 4214 elil.
1068 4154 1111 4215 Ex
1135 4153 1231 4234 plenis
1249 4152 1308 4213 illis
1327 4153 1478 4216 infinitivis

401 4303 426 4368 1)
447 4299 513 4354 Sero
531 4298 599 4367 vidi,
618 4299 666 4354 sed
686 4317 741 4355 nou
755 4299 797 4354 ite
809 4301 842 4354 ni
856 4297 1008 4371 quidquam
1022 4299 1188 4355 mutandum
1203 4311 1341 4366 censeam,
1356 4297 1477 4368 Anglnm

310 4377 422 4446 bienno,
447 4378 579 4433 Homeric
597 4397 739 4449 mmmm·
757 4385 772 4444 ,t
793 4385 851 4448 100,
870 4381 1023 4436 accusativi
1041 4379 1269 4435 terminationem
1288 4387 1322 4441 ῦς
1340 4380 1478 4449 denegen-

310 4457 370 4512 tom
388 4457 555 4526 nominibus,
574 4474 691 4526 quornm
710 4459 858 4528 genetivus
877 4459 907 4514 in
926 4479 981 4527 εος,
998 4477 1055 4516 non
1072 4479 1122 4522 νος
1140 4463 1229 4516 exest
