3280 5104
571 408 895 471 ··—1av-

275 567 295 644 ξ
321 566 370 629 73.
418 569 474 628 Sed
505 579 537 630 ut
566 570 643 630 unde
672 567 846 632 desseiinrus
874 579 1070 651 revertamur,
1098 570 1216 632 doricae
1244 589 1319 650 quae
1342 589 1359 629 a

187 667 338 728 veteribus
366 669 566 746 grammaticis
590 669 817 732 venditabantur
840 669 950 730 formae
974 677 1025 730 ant
1048 688 1084 728 ex
1109 668 1236 730 Homero
1261 668 1358 748 expel-

186 765 290 826 lendae
324 774 375 825 ant
402 764 530 827 lloribns
558 766 741 846 abrogandae
771 778 854 850 sunt;
886 785 988 830 earum
1015 776 1113 828 autem
1142 769 1172 827 in
1202 785 1359 828 numerum

186 862 360 923 referendae
384 872 455 924 sunt
478 863 546 925 hae:

275 951 361 1040 ἆμός
384 963 446 1022 sive
469 953 555 1042 ἄμός
569 989 611 1012 =
625 953 783 1044 ἡμέτερος
801 964 920 1024 codices
938 962 1079 1023 exhibent
1098 962 1125 1022 Z
1143 960 1218 1025 414.
1238 963 1266 1022 6
1287 960 1358 1024 178.

186 1057 218 1118 K
247 1055 321 1118 448.
350 1057 388 1118 Ν
412 1055 464 1119 96.
492 1061 529 1120 Π
554 1057 670 1122 830.λ
698 1059 767 1122 166.
796 1059 870 1122 481.
912 1059 945 1120 ln
973 1059 1062 1120 liuius
1090 1058 1187 1120 locum
1216 1059 1358 1121 aeolicum

185 1155 362 1216 vocabulum
390 1149 497 1237 ἄμμος
526 1157 561 1218 ad
590 1158 752 1236 analogiam
781 1156 1038 1236 comprobatarum
1066 1157 1228 1218 formarum
1256 1149 1360 1238 ἄμμες

184 1245 272 1333 ἄμμε
291 1244 374 1332 ἄμμι
393 1272 428 1312 eo
448 1255 646 1315 confidentius
665 1273 733 1316 cum
752 1255 897 1315 Abrensio
916 1257 1042 1336 restitui,
1065 1273 1124 1335 quo
1144 1255 1258 1316 facilins
1277 1275 1359 1316 erro-

185 1353 228 1411 ris
247 1353 331 1429 origo
350 1351 492 1431 explicari
510 1361 616 1432 potest.
650 1351 722 1412 Nam
737 1371 805 1414 cum
820 1355 850 1412 in
865 1353 1036 1413 Pisistrateo
1051 1352 1211 1432 exemplari
1226 1353 1362 1420 ΛΜΟΣ

186 1450 332 1529 scriptum
361 1449 464 1530 luerit,
478 1448 672 1530 'grammatici
693 1451 851 1531 incuriosi,
875 1452 926 1530 qui
951 1457 1036 1512 vetus
1059 1449 1131 1511 illud
1156 1449 1305 1529 exemplar
1329 1453 1358 1511 in

185 1551 305 1608 atticam
334 1547 531 1609 litteraturam
560 1550 825 1628 transcripserunt,
853 1548 983 1609 doricam
1008 1548 1130 1608 formam
1154 1539 1239 1628 ἆμός
1261 1550 1358 1609 ionico

184 1654 289 1724 poetae
319 1654 431 1706 temere
455 1647 619 1706 concedere
645 1664 732 1725 quam
757 1644 857 1706 sobrio
880 1645 991 1706 iudicio
1014 1647 1173 1723 genuinam
1201 1645 1359 1706 lectionem

184 1735 293 1823 ἄμμος
321 1745 479 1804 restituere
504 1743 680 1804 maluerunt.
726 1742 861 1805 Veterem
885 1751 982 1805 autem
1007 1743 1086 1804 bunc
1110 1761 1243 1804 errorem
1267 1745 1358 1804 luisse

185 1841 254 1900 inde
292 1847 387 1920 patet,
423 1842 502 1921 quod
539 1849 643 1921 poetae
682 1843 786 1920 tragici
817 1842 941 1902 formam
977 1832 1062 1922 ἆμός
1098 1859 1157 1900 non
1196 1841 1291 1902 solum
1328 1843 1359 1901 in

185 1940 323 2018 canticis,
347 1939 399 1998 sed
423 1941 520 2021 etiam,
544 1939 678 2020 quamvis
702 1956 778 2018 raro,
801 1941 833 1999 in
856 1937 997 1999 diverbiis
1020 1937 1190 1998 utebantur.
1285 1955 1290 1964 ·

272 2028 511 2118 πολυπάμονος
530 2038 665 2099 doricum
684 2036 793 2114 legitur
809 2037 842 2096 A
855 2032 920 2097 433
940 2038 971 2096 in
985 2035 1086 2096 codice
1101 2037 1357 2114 praestantissimo
1447 2033 1452 2042 '

187 2133 295 2194 Veneto
325 2136 370 2214 A;
399 2135 451 2194 sed
481 2153 549 2195 cnm
573 2133 623 2195 alii
646 2133 765 2193 codices
789 2132 912 2193 fomlam
935 2132 1075 2193 aeolieam
1098 2124 1360 2213 πολυπάμμονος

187 2233 378 2313 suppeditent
401 2242 431 2292 et
454 2234 485 2292 in
509 2231 649 2312 Hesychii
672 2231 774 2292 codice
797 2229 945 2291 Marciano
969 2231 1081 2309 optimo
1099 2223 1360 2312 πολυπάμμονος

187 2335 330 2411 scriptum
356 2338 464 2411 exstet,
492 2330 568 2391 hanc
598 2330 721 2392 sormam
744 2347 813 2390 cnm
837 2327 1020 2408 Hinrichsio,
1043 2328 1079 2388 de
1103 2326 1276 2389 Homericae
1300 2328 1358 2389 elo·

187 2421 326 2489 cutionis'
340 2430 471 2506 vestigiis
495 2429 615 2490 aeolicis
638 2447 665 2508 p.
689 2425 741 2509 59,
765 2428 898 2507 recipere
923 2443 981 2486 non
1005 2425 1145 2486 dubitavi.

273 2533 503 2608 προφανεῖσας
521 2534 659 2605 correpta
678 2525 780 2586 ultima
800 2522 909 2604 syllaba
929 2524 1050 2603 scripsit
1069 2521 1237 2584 Zenodotus
1251 2521 1358 2585 6318

212 2607 220 2622 ’
345 2613 367 2703 ἢ
391 2621 454 2686 νῶι
478 2617 648 2706 Πριάμοιο
671 2614 749 2697 πάις
771 2621 995 2702 κορυθαίολος
1009 2611 1138 2702 Ἕκτωρ

346 2714 489 2801 γηθήσει
513 2729 741 2803 neocaesarea
763 2709 828 2781 ἀνὰ
852 2712 1029 2799 πτολέμοιο
1051 2709 1216 2808 γεφύρας,

187 2820 260 2881 bene
285 2818 334 2878 ille
358 2819 529 2880 contutatus
552 2819 589 2878 ab
613 2817 784 2880 Aristarcho
808 2817 924 2878 dualem
948 2811 1158 2896 προφανέντε
1182 2818 1357 2878 restituente

185 2926 215 2977 et
238 2909 402 2979 dor'ismum
426 2916 509 2977 illuni
533 2915 570 2976 ab
593 2915 721 2977 Hesiodo
745 2917 841 2996 primo
865 2917 958 2994 epicis
981 2915 1118 2977 versibus
1140 2914 1255 2976 illatum
1279 2917 1358 2976 aidr-

186 3024 291 3076 mante.
339 3013 420 3074 ldern
448 3012 616 3075 Zenodotus
650 3013 687 3074 ab
714 3013 886 3075 Aristarcho
914 3015 1021 3074 merito
1050 3015 1247 3094 vituperatur,
1280 3013 1356 3092 qnod

185 3115 217 3172 A
240 3109 282 3173 56
307 3121 337 3171 et
364 3108 434 3176 198
450 3101 550 3190 ὁρῆτο
579 3129 633 3190 pro
662 3101 764 3190 ὁρᾶτο
788 3113 944 3190 scripserit
966 3101 1100 3191 ἀγνοῶν
1124 3101 1175 3172 ὅτι
1200 3101 1358 3192 Δωρικὸν

187 3209 327 3289 γίνεται·
352 3209 405 3269 cir.
429 3207 611 3268 Abrensium
633 3209 668 3269 de
692 3227 814 3288 graecae
839 3209 907 3288 ling.
931 3208 1065 3269 dialectis
1089 3207 1114 3268 ll
1141 3203 1212 3268 195.

271 3293 353 3368 ἆλτο
377 3291 461 3390 ἆλσο
482 3325 518 3366 ex
536 3305 657 3368 Homeri
676 3305 858 3368 carminibus
876 3305 1037 3367 amovenda
1056 3314 1087 3365 et
1105 3311 1243 3383 correpta
1264 3303 1358 3366 vocali

185 3397 266 3467 ἆλτο
286 3396 369 3466 ἆλσο
390 3403 506 3465 ἔσαλτο
527 3401 647 3464 ἔπαλτο
668 3404 824 3466 scribenda
843 3423 909 3465 esse
929 3402 1093 3484 Belikerus,
1112 3402 1195 3464 Hom.
1218 3401 1259 3463 Bl.
1275 3402 1300 3462 ll
1320 3402 1356 3464 11

185 3512 215 3563 et
236 3501 387 3562 Nauckius
411 3510 603 3584 certauerunt,
626 3521 753 3581 quorum
778 3503 909 3562 virorum
933 3503 1096 3562 sententiae
1122 3519 1219 3561 meum
1239 3519 1357 3580 quoque

188 3599 334 3660 calculum
367 3600 555 3680 adiecissem,
588 3601 615 3659 si
642 3599 721 3660 solos
749 3599 842 3660 liores
869 3608 1026 3679 augmento
1056 3598 1209 3678 temporali
1238 3602 1258 3658 ᾶ
1289 3616 1359 3658 usos

189 3717 255 3758 esse
280 3705 443 3778 constaret,
467 3697 518 3757 sed
542 3715 610 3758 cum
630 3696 734 3758 Aeoles
758 3716 877 3777 quoque
897 3698 1000 3758 eodeni
1019 3696 1106 3756 modo
1126 3694 1212 3755 verba
1233 3713 1248 3754 a
1269 3694 1360 3754 vocali

189 3817 211 3856 α
248 3797 419 3874 incipientia
458 3794 621 3856 declinasse
658 3793 862 3875 Hinrichsins,
901 3795 937 3854 de
975 3794 1148 3855 Homericae
1185 3791 1361 3854 elocutionis

190 3895 323 3972 vestigiis
350 3891 470 3952 aeolicis
494 3911 521 3972 p.
546 3890 587 3953 76
615 3892 765 3974 docuerit,
792 3875 872 3954 ἆλτο
901 3901 935 3953 ut
963 3877 1050 3974 ὦρτο
1078 3901 1108 3952 et
1131 3882 1207 3952 door
1231 3892 1361 3950 retinere

192 3991 288 4052 malui.
335 3989 477 4052 Codicum
510 3990 583 4050 tides
617 3989 671 4050 bac
700 3993 730 4051 in
759 4009 791 4051 re
819 3989 950 4071 vacillat,
982 3990 1128 4070 siquidem
1157 3988 1301 4049 Venatum
1329 3990 1361 4049 A

192 4089 288 4149 tribus
321 4087 393 4148 locis
421 4088 453 4148 E
477 4085 551 4149 494.
581 4087 608 4147 Ζ
639 4085 709 4149 103.
737 4089 770 4148 Ω
793 4079 857 4149 469
886 4080 982 4165 ἆλτο,
1015 4106 1074 4148 non
1106 4071 1187 4152 ἆλτο
1220 4085 1361 4148 exhibere

190 4186 354 4248 Larochius
376 4184 461 4246 Hom.
485 4183 604 4245 Textlrr.
629 4203 657 4264 p.
683 4182 745 4247 186
769 4193 925 4246 asseverat.

279 4275 346 4364 μάν
373 4285 404 4344 in
434 4282 568 4343 formulis
598 4273 638 4344 οὐ
666 4274 749 4363 μα’ν,
778 4268 799 4364 ἦ
823 4275 906 4363 μάν,
934 4275 988 4342 καὶ
1012 4275 1096 4362 μάν,
1125 4279 1268 4341 librorum
1292 4300 1360 4342 con·

191 4401 280 4443 sensu
314 4379 452 4441 omnibus
486 4380 548 4440 lere
579 4380 664 4460 locis,
697 4379 807 4460 quibus
835 4382 931 4441 ionica
959 4380 1051 4440 torma
1078 4373 1140 4460 μέν
1169 4397 1360 4440 numerorum

191 4481 255 4558 lege
288 4479 470 4558 excluditur,
505 4480 725 4560 corilirmatum,
757 4481 863 4540 atticae
896 4478 1006 4538 formae
1038 4471 1105 4558 μήν
1138 4477 1244 4538 cedere
1275 4480 1361 4538 iussit
