3280 5104
643 352 646 360 ’
761 395 1003 460 -mc-

296 569 435 620 excutere
464 557 549 619 nobis
576 560 673 619 visum
696 567 742 618 est
765 576 862 638 neque
885 557 949 618 illas
973 557 1087 636 prolixa
1110 560 1243 620 oratione
1266 558 1464 639 omnibusque

295 657 437 736 exemplis
465 656 597 716 collectis
624 656 778 735 persequi,
806 656 858 716 sed
887 658 927 716 ito
954 663 988 716 ut
1015 657 1110 735 capita
1138 675 1239 718 rerum
1263 660 1464 736 perstringan-

294 765 344 816 tur
368 772 516 834 parcoque
539 753 672 814 locorum
695 752 813 814 delectu
835 751 1031 815 illustrentur.
1068 755 1164 834 hique
1187 774 1255 817 cum
1280 764 1310 816 et
1333 775 1366 816 ea
1390 764 1463 817 tem-

294 871 400 932 porum
418 853 590 931 patriaeque
605 851 726 912 Homeri
744 857 849 911 natura
869 851 967 933 luerit,
986 861 1020 913 ut
1038 851 1118 930 larga
1136 855 1284 914 variarum
1302 853 1464 915 formarum

294 950 477 1030 supellectile
506 951 549 1010 uti
578 951 606 1008 ei
628 949 748 1010 licuerit
770 958 800 1009 ct
823 956 940 1026 poetam
963 951 1236 1028 ingeniosissimum
1259 953 1289 1011 in
1314 952 1465 1030 elegendis

293 1050 383 1108 variis
406 1047 564 1109 verborum
589 1046 691 1108 lormis
714 1063 804 1107 sensu
828 1047 946 1126 pulchri
969 1066 1221 1127 numerorumque
1245 1049 1400 1110 dulcedine
1419 1053 1463 1109 in·

293 1148 398 1224 primis
426 1146 548 1206 ductum
580 1163 645 1205 esse
669 1162 723 1223 par
746 1146 794 1224 sit,
817 1154 953 1206 nostrum
972 1148 1035 1208 erit.
1048 1147 1210 1226 inquirere,
1229 1164 1304 1226 quos
1323 1165 1464 1208 numeros

293 1244 342 1304 ille
371 1244 493 1326 ingerit,
522 1262 596 1324 quos
625 1243 780 1324 adamarit,
809 1261 896 1322 quam
925 1245 983 1303 rim
1011 1243 1046 1302 ad
1074 1243 1294 1322 producendam
1323 1243 1464 1324 syllabam

175 1396 191 1420 ,
293 1342 410 1402 finalem
433 1344 507 1402 ictui
530 1359 634 1402 versus
657 1339 810 1422 tribuerit,
838 1340 947 1421 quibus
971 1359 1074 1401 versus
1098 1340 1219 1402 sedibus
1245 1341 1376 1403 hiantem
1399 1361 1463 1402 ora-

293 1442 403 1500 tionem
432 1441 530 1499 minus
558 1456 660 1500 severe
688 1439 835 1502 damnarit
860 1437 1054 1518 ‘elisionisque
1083 1436 1232 1499 licentiam
1257 1438 1315 1500 sibi
1337 1441 1463 1518 permis-

294 1554 355 1596 sam
384 1554 450 1596 esse
478 1537 603 1615 putarit,
631 1535 759 1616 denique
787 1553 982 1616 quaecunque
1010 1554 1060 1596 res
1087 1537 1118 1596 in
1142 1536 1277 1597 versibus
1301 1538 1465 1617 pangendis

293 1635 328 1694 ad
363 1634 518 1714 elegendae
547 1637 641 1712 ¹varias
670 1632 829 1694 verborum
857 1634 967 1696 iormas
995 1633 1149 1694 valuerint.
1195 1633 1269 1696 Nam
1297 1643 1397 1696 utrum
1426 1621 1465 1696 εὖ

293 1750 330 1792 an
354 1725 407 1810 dd,
435 1725 513 1806 πάις
539 1751 575 1792 an
598 1739 690 1809 ιιοῑς,
719 1723 756 1792 dl
779 1729 850 1809 γνῶ
874 1751 911 1793 an
935 1724 966 1793 d’
992 1729 1095 1810 ἔγνω,
1123 1731 1239 1794 κείνου
1261 1752 1298 1793 an
1323 1730 1464 1813 ἐκείνου,

293 1823 383 1891 ἰόντε
407 1819 448 1890 an¹
467 1823 590 1908 ἰόντες,
614 1822 723 1910 μακρὰ
752 1820 835 1902 ἅδος
863 1848 900 1889 an
924 1818 1023 1909 μάκρ’
1051 1817 1134 1900 ἅδος
1157 1837 1243 1907 poeta
1267 1830 1384 1910 dixerit,
1408 1829 1464 1890 hoc

294 1947 354 1988 non
378 1947 413 1989 ex
437 1929 574 1988 codicum
597 1927 654 1988 fide
677 1927 724 1987 his
747 1929 778 1986 in
802 1925 971 2008 quisquiliis
995 1927 1080 2006 plene
1103 1927 1235 2009 inlirma,
1265 1927 1317 1988 sed
1347 1947 1382 1988 ex
1407 1945 1464 1988 usu
1517 1943 1520 1950 ’
1634 1943 1635 1952 ’

294 2026 413 2087 dicendi
441 2035 471 2086 et
494 2027 616 2086 metrica
641 2034 704 2084 arte
727 2023 849 2084 Homeri
873 2024 1033 2102 exploratis
1057 2023 1286 2086 discernendum
1306 2043 1372 2086 csse
1396 2045 1465 2086 cum

293 2123 344 2185 elii
376 2133 439 2185 tum
476 2125 557 2185 lmm.
590 2122 744 2184 Behherus
776 2131 807 2183 et
836 2125 909 2201 hug.
938 2121 1089 2184 Neuclxius
1122 2125 1235 2184 ratione
1269 2131 1299 2183 et
1330 2123 1466 2202 exemplo

294 2222 445 2300 praeclare
469 2223 643 2283 docuerunt

381 2321 477 2398 Atque
496 2318 617 2379 Homeri
636 2335 740 2379 versus
759 2317 852 2382 multo
871 2321 983 2379 maiore
1002 2335 1196 2379 numerorum
1215 2320 1356 2380 varietate
1375 2337 1464 2398 quem

295 2424 463 2478 ceterorum
500 2425 655 2496 poetarum
674 2411 829 2494 'inprimis
866 2415 1025 2476 latinorum
1062 2417 1195 2495 insignes
1228 2435 1293 2477 esse
1326 2425 1356 2478 et
1388 2417 1465 2477 hauc

292 2518 464 2577 varietatem
491 2533 559 2576 cnm
583 2532 723 2577 caesurae
747 2513 883 2592 pluribus
907 2513 1067 2592 generibus
1090 2514 1227 2575 admissis
1250 2524 1313 2575 tum
1338 2513 1465 2593 pedibus

292 2614 444 2694 dactylicis
477 2623 507 2674 et
539 2612 706 2692 spondaicis
740 2610 862 2671 liberius
896 2614 1064 2672 commixtis
1091 2629 1156 2672 esse
1190 2621 1374 2692 procreatam
1406 2615 1465 2672 ionx

292 2712 404 2772 dudum
433 2714 511 2771 inter
539 2729 642 2770 omnes
670 2717 792 2772 constat.
840 2708 896 2769 Sed
926 2728 963 2769 ne
991 2709 1200 2771 versicolorem
1229 2711 1305 2771 hanc
1328 2719 1464 2772 naturam

293 2827 398 2870 versus
430 2808 580 2868 Homerici
613 2809 648 2868 ad
681 2806 859 2868 incunabula
892 2810 965 2868 artis
997 2825 1132 2888 revoces,
1169 2825 1230 2868 non
1261 2810 1381 2869 minima
1415 2827 1465 2870 ars
1520 2815 1524 2820 '

292 2905 413 2966 Homeri
441 2909 471 2966 in
504 2924 539 2966 eo
573 2915 737 2985 spectatur,
770 2905 848 2983 quod
878 2908 1012 2968 numeris
1039 2908 1118 2966 varie
1146 2907 1247 2966 mixtis
1276 2915 1306 2967 et
1334 2907 1464 2968 taedium

291 3005 470 3083 auditorum,
489 3005 568 3082 quod
587 3006 618 3064 in
637 3004 724 3083 longo
743 3013 773 3064 et
792 3003 900 3065 fidibus
919 3003 1168 3066 accommodando
1187 3007 1319 3066 carmine
1338 3006 1465 3064 maxime

292 3103 453 3162 verendum
477 3103 546 3184 brit,
575 3104 685 3182 optime
709 3105 811 3164 vitavit
834 3113 865 3164 et
888 3104 1103 3164 sententiarum
1126 3102 1299 3182 ordinisque
1324 3120 1464 3162 versuum

292 3200 463 3260 discrimina
491 3217 684 3261 numerorum
700 3200 882 3262 diversitate
911 3201 1029 3279 egregie
1057 3201 1212 3278 expressit.
1258 3199 1329 3260 lnde
1354 3200 1463 3260 lactum

293 3305 351 3378 est,
384 3308 417 3358 ut
449 3315 587 3358 caesuras
620 3297 761 3377 quasdam
793 3299 962 3377 pedumque
991 3299 1158 3377 iuncturas,
1191 3315 1266 3377 quae
1295 3299 1465 3358 artificiosis

293 3397 387 3474 poetis
416 3395 515 3456 latinis
541 3395 749 3476 displicebant,
782 3414 840 3456 non
865 3410 989 3474 prorsus
1012 3403 1223 3473 aspernaretur
1246 3402 1335 3474 atqrm
1360 3411 1464 3454 versus

292 3493 468 3573 spondeicus
500 3502 530 3552 et
563 3496 592 3554 in
626 3494 684 3553 linc
712 3494 878 3552 carminum
906 3494 1131 3572 carminumque
1159 3492 1372 3572 particularum
1401 3501 1464 3552 ten·

294 3600 357 3652 tum
390 3609 450 3650 non
482 3589 625 3669 deligeret
653 3585 703 3671 (ci.
738 3592 769 3649 A
801 3587 851 3651 21.
888 3585 958 3650 157.
991 3585 1065 3652 291.
1094 3587 1173 3672 600)
1207 3599 1236 3650 et
1268 3591 1465 3670 depingendis

294 3690 375 3767 gravi
404 3689 489 3748 oneri
518 3681 709 3769 (βεβριθυῖα
740 3689 771 3748 Φ
794 3683 887 3768 385),
915 3686 1020 3747 anhelo
1048 3689 1164 3766 pectori
1187 3680 1409 3768 (ποιπνύοντα
1432 3690 1465 3748 A

293 3785 387 3866 600),
411 3787 533 3864 ancipiti
560 3785 766 3846 deliberationi
788 3776 1002 3865 (μερμήριξεν
1025 3788 1056 3845 Α
1083 3778 1174 3868 189),
1202 3784 1348 3846 similibus
1372 3783 1464 3845 rebus

293 3885 528 3946 accommodatas
546 3891 678 3964 putaret3
702 3883 754 3944 cir.
774 3881 926 3962 Ludwicb,
949 3881 985 3942 de
1005 3881 1183 3944 hexametris
1201 3891 1356 3963 poetarum
1380 3901 1464 3962 grae·

293 4003 397 4044 corum
425 3982 593 4062 spondiacis
618 4000 646 4060 p.
672 3979 743 4042 164.
789 3980 869 4040 ldem
898 3987 996 4039 tamen
1024 3989 1105 4040 certa
1129 3981 1272 4060 quaedam
1300 3980 1464 4041 hexametri

292 4101 400 4162 genera
435 4099 491 4142 non
525 4082 624 4141 miuus
657 4097 744 4158 quam
776 4079 889 4158 posteri
916 4085 1019 4156 poetae
1047 4080 1151 4139 vitiose
1178 4078 1264 4139 duxit
1291 4086 1334 4159 et,
1367 4079 1463 4158 «quoad

293 4182 357 4240 eius
387 4181 450 4240 lieri
479 4181 589 4259 potuit,
616 4179 726 4238 vitavit.
772 4176 850 4238 llaec
880 4179 937 4238 iam
961 4178 1001 4236 ita
1029 4175 1204 4257 recensebo,
1233 4183 1265 4236 ut
1289 4177 1464 4238 vitiosorum

293 4295 445 4357 versuum,
481 4279 532 4355 qni
564 4278 594 4336 in
627 4274 780 4337 codicibus
812 4282 929 4336 exstant
961 4283 991 4334 ct
1023 4277 1053 4334 in
1086 4273 1267 4334 editionibus
1298 4291 1394 4353 usque
1426 4273 1463 4334 ad

294 4371 461 4434 Hehherum
484 4359 781 4455 circumferebantur,
804 4391 939 4452 magnam
963 4380 1077 4450 partem
1100 4369 1158 4432 illis
1183 4389 1257 4449 quae
1282 4379 1349 4431 ante
1373 4373 1464 4448 signi-

294 4471 377 4530 licavi
401 4471 587 4532 adminiculis
610 4472 674 4532 tolli
697 4490 785 4551 posse
808 4489 961 4550 exponam.
