3280 5104
742 381 776 388 --
830 343 891 408 152
943 378 977 386 -

273 511 332 572 loci
364 519 433 571 surrt
466 511 496 569 in
525 508 654 586 Odyssea
688 509 792 585 viginti
825 514 937 567 tanturn
970 504 1071 584 plures
1105 524 1192 585 qnam
1222 508 1251 565 in
1281 503 1384 583 Iliade,
1418 505 1448 562 in

275 607 356 669 nullo
380 607 456 668 libro
480 605 602 684 reliquit
625 605 706 664 tonos
730 603 797 682 plus
821 623 908 682 (quam
932 604 1099 684 duodecim,
1123 621 1229 681 nempe
1250 606 1278 662 iu
1298 601 1448 680 Odysseae

274 725 353 767 norro
386 703 461 764 libro
490 712 520 763 ct
548 702 719 782 rrrrdecim05
752 711 855 762 contra
884 711 945 762 trcs
974 701 1042 762 libri
1070 709 1155 781 sunt,
1189 703 1217 760 in
1247 699 1357 778 quibus
1387 699 1450 760 bini

274 804 330 862 loci
360 801 458 862 relicti
486 809 555 862 sunt
584 800 714 861 inondum
743 801 884 879 correcti,
918 817 1023 878 nempe
1051 799 1150 858 Iliadis
1180 800 1286 859 tertius
1316 797 1389 857 liber
1420 804 1450 856 et

274 902 407 962 decimus
435 908 465 960 et
493 898 641 978 Odysseae
670 896 746 958 liber
775 898 1046 977 duodevicesimns3
1080 899 1187 957 urricus
1217 897 1346 974 denique
1371 895 1450 963 liber

274 1007 332 1078 est,
357 1000 386 1058 in
412 1016 471 1076 qno
500 1015 578 1056 unus
607 1005 735 1056 tantum.
751 995 834 1056 locus
863 995 1056 1076 probabiliter
1080 995 1232 1055 emendari
1257 1013 1315 1055 iton
1339 995 1450 1073 potnit:

275 1096 399 1156 liberis
424 1103 470 1154 est
492 1093 592 1155 Iliadis
616 1094 824 1174 duodecimus3
851 1097 860 1154 i
884 1112 964 1154 riirrrc
988 1103 1018 1154 et
1043 1094 1108 1153 ride
1132 1093 1280 1172 quomodo
1305 1100 1388 1152 utare
1413 1092 1451 1150 iis

276 1213 351 1273 quae
372 1193 433 1254 dixi
452 1193 593 1252 aeolicanr
613 1191 740 1252 litteram
761 1192 834 1252 nibil
849 1193 986 1252 corrlcrrc
1002 1191 1037 1250 ad
1053 1189 1222 1250 solvendam
1239 1193 1451 1268 quaestionem,

278 1311 353 1371 quae
387 1300 432 1351 est
465 1290 501 1350 de
536 1290 760 1350 llomericorum
794 1293 958 1350 carminum
991 1291 1120 1368 origine3
1153 1288 1340 1366 refragantur
1372 1289 1452 1347 enim

277 1407 365 1468 qnam
390 1390 515 1447 irraximc
540 1387 598 1447 duo
623 1389 821 1465 antiquissimi
840 1387 988 1466 Odysseae
1012 1386 1093 1447 libri:
1118 1394 1219 1447 contra
1245 1385 1372 1445 lideliter
1392 1404 1451 1445 ser-

277 1487 355 1545 rarii
380 1483 524 1561 digamma
548 1476 568 1564 ἡ
592 1483 750 1565 πρεσβεία
773 1477 857 1566 πρὸς
877 1474 1039 1564 Ἀχιλλέα,
1071 1503 1159 1563 quem
1184 1483 1292 1544 librum
1317 1485 1452 1563 plerique

279 1591 380 1661 postea
409 1581 540 1642 additum
569 1601 635 1642 esse
664 1583 836 1663 (spissantur,
865 1602 901 1642 ne
929 1583 1024 1643 dicam
1055 1582 1090 1640 de
1115 1580 1191 1641 libro
1215 1584 1304 1642 tertio
1328 1590 1358 1642 et
1381 1581 1453 1641 duo-

278 1682 408 1762 decimo,
436 1682 487 1759 qni
517 1680 614 1740 iudice
638 1679 827 1740 Lachmauno
856 1689 970 1741 scatent
994 1675 1302 1758 interpolationibus.“
1347 1679 1453 1750 Oetam-

279 1799 366 1859 quam
395 1797 461 1838 esse
490 1778 647 1857 quaedam,
677 1797 752 1857 quae
780 1780 811 1838 io
835 1778 889 1838 hac
914 1797 945 1838 re
970 1777 1077 1838 Naberi
1102 1796 1225 1838 acumen
1250 1779 1395 1855 lugerint,
1424 1779 1454 1837 in

280 1878 528 1938 commentatione
561 1894 649 1954 snpra
684 1875 768 1936 allata
801 1878 941 1956 exposui3
972 1894 1098 1954 namque
1128 1884 1161 1935 ut
1189 1875 1452 1936 nnllnnr·oarmeu

281 1974 377 2035 lliadis
409 1979 477 2053 post
509 1974 567 2032 vim
600 1972 739 2050 digammi
763 1972 900 2033 abolitam
935 1974 1132 2052 compositum
1161 1991 1225 2034 csse
1254 1981 1370 2033 certum
1399 1979 1453 2042 est,

279 2076 319 2133 ita
352 2070 487 2133 versibus
524 2070 699 2131 adulterinis
740 2079 808 2130 riola
851 2074 981 2132 recentis
1018 2073 1142 2150 originis
1175 2092 1208 2132 cx
1243 2071 1378 2148 neglecto
1412 2070 1454 2130 di·

280 2189 394 2250 gamma
423 2171 566 2246 impressa
604 2177 650 2228 est
678 2163 760 2246 (ride
790 2169 817 2228 Β
847 2167 919 2230 720.
955 2165 1027 2230 750.
1062 2167 1135 2230 751.
1166 2166 1290 2229 Γ224.
1324 2169 1355 2228 Ε
1381 2166 1455 2228 333.

283 2271 308 2330 Z
339 2266 412 2330 151.
436 2266 465 2327 Θ
493 2261 566 2325 535.
592 2266 621 2324 Λ
647 2263 720 2328 705.
750 2263 875 2326 0397.
904 2263 978 2328 404.
1010 2266 1041 2326 T
1061 2264 1133 2327 124.
1160 2269 1188 2326 l'
1210 2264 1262 2328 07.
1284 2265 1358 2327 224.
1383 2264 1456 2344 250,

282 2369 318 2426 cl.
344 2365 363 2441 ἓ
390 2357 445 2445 18)
473 2371 504 2423 et
527 2362 639 2422 similes
669 2362 726 2423 loci
759 2374 826 2424 uter
855 2365 914 2424 utri
942 2364 1076 2443 exemplo
1110 2367 1212 2444 luerit,
1250 2384 1285 2423 ex
1310 2365 1455 2441 digammo

281 2472 334 2525 airt
362 2468 478 2522 servate
506 2470 557 2520 aut
585 2460 719 2540 neglecto
748 2461 905 2522 diiudicari
930 2480 1015 2540 posse
1040 2462 1166 2522 ridetur.
1212 2460 1275 2530 Qua
1308 2461 1345 2520 de
1369 2479 1457 2522 causa

284 2580 373 2640 supra
407 2561 437 2620 Ε
469 2555 534 2619 204
571 2577 606 2618 cx
645 2559 675 2618 A
713 2557 791 2638 230,
830 2561 860 2620 Ε
896 2556 960 2619 700
998 2578 1033 2618 ex
1069 2560 1110 2620 M
1144 2557 1231 2639 140„
1255 2560 1284 2617 0
1318 2555 1383 2620 539
1422 2577 1455 2618 ex

286 2660 319 2719 Ν
341 2657 415 2738 009,
438 2657 472 2717 Σ
494 2652 556 2716 501
582 2675 617 2716 ea
641 2677 662 2735 γ
686 2653 760 2734 344,
787 2656 817 2716 T
836 2654 902 2716 282
926 2677 961 2718 ex
985 2657 1018 2717 Ω
1040 2655 1115 2737 699,
1142 2654 1255 2718 7382
1278 2675 1313 2716 ex
1338 2656 1366 2716 X
1383 2653 1456 2736 315,

287 2758 324 2816 Ψ
348 2752 409 2816 198
438 2773 473 2813 cx
498 2753 529 2812 A
554 2749 630 2826 195,
660 2749 763 2826 ζ275
787 2773 822 2812 ex
847 2754 880 2812 X
901 2753 963 2815 100
992 2757 1156 2816 imitatione
1186 2773 1360 2833 expressum
1392 2773 1457 2814 esse

284 2853 475 2914 corriccimus.
521 2849 631 2910 Sedulo
664 2859 762 2910 autem
795 2853 872 2932 cavi,
910 2871 946 2912 nc
979 2854 1009 2914 in
1042 2854 1180 2933 digammi
1214 2854 1242 2912 vl
1274 2852 1457 2912 restituenda

285 2949 447 3028 fulcrisque
472 2947 646 3009 adulterinis
670 2949 857 3010 removendis
881 2958 939 3010 mm
964 2959 1076 3013 temere
1100 2969 1265 3030 grassarier,
1294 2959 1327 3010 ut
1350 2951 1457 3011 iudicia

286 3047 522 3128 interpolationis
557 3048 746 3124 recentisque
784 3049 907 3126 originis
941 3068 1064 3128 usquam
1096 3049 1342 3127 obscurarentur,
1381 3049 1458 3108 unde

289 3165 390 3207 vereor
416 3163 451 3204 ne
476 3143 561 3206 multi
586 3163 632 3206 me
661 3144 894 3228 reprehendant,
928 3147 1007 3226 (quod
1039 3149 1068 3207 in
1101 3149 1155 3227 iis,
1189 3165 1264 3224 quae
1292 3146 1459 3206 minoribus

288 3244 396 3304 litteris
420 3242 565 3304 exaranda
590 3245 705 3321 cenavi,
728 3244 910 3304 carminibus
934 3263 1021 3323 saepe
1045 3244 1209 3321 neglectam
1239 3243 1379 3322 digammi
1402 3245 1458 3303 vim

288 3342 436 3420 patienter
459 3341 538 3400 lorre
563 3357 651 3418 quam
676 3340 812 3401 codicum
836 3341 924 3402 ladem
948 3342 1108 3403 sollicitare
1132 3341 1231 3402 malni.

376 3435 471 3516 §tlt
517 3437 645 3498 Prorsus
678 3437 733 3498 adia
766 3437 802 3498 de
830 3447 913 3517 parte
942 3439 1097 3501 consilium
1126 3439 1265 3508 Belleri
1281 3458 1377 3518 nuper
1406 3443 1466 3514 im·

289 3537 429 3618 pugnavit
453 3535 525 3612 hug.
547 3533 676 3614 Fickius,
700 3537 746 3595 rir
768 3535 805 3596 de
829 3539 1026 3617 comparativa
1048 3539 1238 3617 grammatica
1262 3537 1461 3615 promovenda

289 3639 367 3696 inter
391 3651 501 3712 plaucos
527 3635 659 3712 meritus,
684 3635 713 3693 in
738 3638 985 3696 commentatione
1009 3631 1067 3696 ‘die
1092 3636 1271 3714 cntstehnng
1290 3635 1343 3695 des
1362 3636 1461 3697 home·

290 3733 409 3794 rischen
442 3726 598 3790 dialelites'
630 3733 660 3790 in
693 3730 835 3791 Bezzenb.
868 3731 960 3793 Reitr.
989 3731 1038 3792 Vll
1067 3753 1095 3812 p.
1125 3731 1188 3794 139
1217 3752 1280 3812 sqq.
1331 3733 1360 3794 ls
1393 3754 1460 3796 cnm

288 3832 427 3910 digammi
456 3847 515 3889 uon
543 3827 638 3888 solnm
662 3830 693 3888 in
717 3827 859 3888 llerodoti
883 3829 981 3910 libris,
1006 3831 1056 3890 sed
1081 3834 1168 3892 etiam
1193 3833 1223 3890 iu
1249 3833 1460 3892 vetustissimo·

290 3947 355 3988 rum
384 3933 539 4007 poetarum
568 3927 732 3986 ionicorum
761 3925 865 3986 Callini
893 3927 1061 3989 llimnermi
1091 3928 1260 3988 Archilochi
1288 3929 1462 4008 fragmentis

291 4025 370 4085 nulla
393 4031 444 4084 ant
466 4025 626 4102 perexigua
652 4017 703 4106 (cl.
727 4023 814 4084 hrch.
839 4026 874 4086 ln.
899 4023 950 4106 29,
974 4025 994 4088 2
1015 4035 1044 4086 et
1063 4023 1115 4106 97,
1141 4021 1174 4106 1)
1199 4027 1320 4103 vestigia
1345 4035 1462 4089 exstare

290 4122 427 4201 vidisset,
454 4137 492 4180 oe
516 4119 637 4180 llomeri
665 4120 785 4200 quidem
813 4129 920 4202 aetate,
949 4143 1037 4202 quem
1066 4141 1124 4183 non
1149 4121 1215 4202 plus
1239 4123 1376 4185 ducentis
1401 4127 1463 4186 lere

291 4221 376 4279 anuis
396 4226 463 4279 ante
483 4218 550 4279 illos
570 4225 672 4296 poetas
688 4219 824 4278 lloruisse
840 4219 1008 4281 llerodetns
1024 4221 1162 4300 traderet,
1181 4220 1302 4281 lenibus
1317 4222 1463 4301 digamma

292 4317 322 4375 iu
350 4333 407 4376 risu
436 4316 527 4386 luisse
556 4315 687 4397 collegit3
716 4334 772 4395 alna
801 4315 837 4376 de
866 4336 954 4380 causa
984 4321 1009 4380 si
1038 4339 1113 4398 quae
1136 4317 1245 4378 indicia
1269 4319 1409 4398 digammi
1433 4323 1462 4380 iu

292 4409 413 4472 Homeri
436 4413 616 4473 carminibus
640 4421 799 4496 exstarent,
822 4433 856 4476 ea
875 4435 910 4476 ex
931 4417 1047 4478 illorum
1067 4420 1232 4478 carminum
1252 4420 1350 4496 prisca
1369 4420 1463 4478 forma
