3276 5090
703 313 954 392 422-

262 501 466 577 repetiverunt
496 513 549 556 nec
577 513 636 556 non
661 493 793 573 singulos
818 510 922 552 versus
951 489 1142 572 lormnlares,
1170 510 1238 552 cum
1263 493 1307 552 rei
1331 509 1435 569 parum

263 595 464 674 attenderent,
491 593 586 654 alieno
614 591 679 652 loco
707 595 902 652 intruserunt.
947 587 1058 649 Tamen
1087 607 1231 650 summam
1260 592 1289 649 in
1318 588 1374 649 bac
1402 607 1436 649 re

264 695 430 754 cautionem
464 689 658 752 adhibendam
693 709 757 750 esse
790 689 875 764 duxi,
908 688 1048 765 qrroniam
1081 695 1199 766 poetam
1232 689 1330 766 ipsum
1356 684 1435 746 baud

264 809 331 850 raro
359 791 477 851 eosdem
507 807 611 849 versus
639 790 777 866 iterasse,
806 787 991 866 quinetiam
1017 793 1106 845 totam
1130 786 1381 863 comparationem
1405 786 1437 845 in

264 887 320 948 alio
350 887 425 948 libro
449 904 594 965 reponere
619 903 676 946 non
701 883 853 946 dubitasse
876 901 931 962 pro
956 882 1107 963 explorato
1132 881 1235 962 habeo,
1259 882 1337 942 unde
1361 881 1437 942 dilli-

265 985 406 1048 cillimum
431 1003 518 1064 saepe
542 992 588 1044 est
612 984 647 1044 ad
671 983 903 1062 diiudicandum,
927 983 987 1042 utri
1011 981 1075 1041 loco
1099 997 1204 1042 versus
1227 983 1327 1044 iterati
1345 982 1438 1060 magis

266 1084 476 1146 accommodati
506 1085 573 1142 sint.
620 1081 716 1143 Veluti
745 1083 841 1158 imago
870 1081 941 1158 equi
968 1088 1057 1157 rupto
1086 1078 1203 1139 vinculo
1232 1078 1360 1160 superbe
1383 1097 1439 1158 per

265 1199 405 1262 campum
437 1181 473 1240 ad
506 1189 591 1240 sueta
623 1177 727 1240 balnea
759 1178 841 1238 lluvii
872 1178 1060 1238 decurrentis
1088 1195 1147 1237 non
1174 1180 1236 1238 min
1301 1179 1441 1238 convenit

266 1279 366 1341 Paridi
398 1280 524 1357 sumptis
557 1280 646 1338 armis
677 1277 713 1336 de
742 1293 809 1336 arce
838 1275 874 1336 sd
903 1293 1031 1354 pugnam
1060 1274 1170 1334 volanti
1199 1276 1225 1336 Z
1298 1269 1437 1335 6,-511

267 1394 354 1458 quam
383 1376 505 1436 Hectori
539 1375 659 1437 vulnere
689 1373 788 1434 divina
816 1392 871 1453 ope
900 1382 1002 1434 sanato
1031 1371 1065 1431 ad
1095 1387 1167 1432 suos
1195 1374 1316 1451 pinnato
1344 1371 1441 1450 gradu

268 1475 406 1536 redeunti
425 1474 453 1533 0
472 1470 656 1534 263-268.
692 1471 838 1532 Nimirum
857 1470 1004 1532 Homerus
1027 1469 1168 1548 grandius
1186 1487 1290 1548 poema
1309 1468 1443 1550 plurium

267 1570 412 1631 librorum
436 1587 495 1629 non
519 1578 552 1629 nt
581 1577 675 1629 totum
699 1570 840 1628 continuo
868 1571 1009 1628 recitaret
1033 1568 1197 1648 contexuit,
1227 1567 1292 1648 sed,
1321 1576 1354 1629 ut
1377 1545 1444 1628 er⁸at

268 1669 367 1729 divino
387 1668 494 1744 spiritu
513 1668 682 1744 instinctus,
701 1664 786 1744 plura
803 1668 932 1726 carmina
948 1665 982 1726 ad
999 1683 1120 1744 magnae
1136 1665 1290 1726 cuiusdam
1304 1668 1442 1745 imaginis

269 1775 369 1826 mente
392 1769 553 1841 conceptae
577 1763 807 1840 descriptionem
833 1760 1005 1840 explendam
1030 1766 1060 1823 in
1084 1781 1176 1846 uuum
1201 1781 1311 1842 corpus
1333 1766 1442 1844 coegit,

269 1862 347 1922 unde
377 1859 448 1920 alias
476 1859 533 1920 alio
562 1870 694 1938 tempore
723 1868 824 1938 partes
847 1860 882 1920 ad
907 1859 1093 1920 recitandum
1117 1859 1271 1939 selegeret.
1317 1859 1379 1932 Oua
1405 1862 1442 1923 de

269 1976 356 2022 causa
390 1975 458 2018 cum
487 1957 657 2036 splendidos
686 1974 790 2017 versos
818 1959 905 2018 etiam
935 1959 1070 2037 iteratos,
1099 1956 1184 2018 modo
1214 1977 1250 2019 ne
1278 1961 1308 2019 in
1337 1959 1443 2020 eodem

269 2059 400 2118 carmine
420 2053 555 2116 collocati
573 2064 683 2134 essent,
702 2053 872 2116 bominibus
891 2054 1007 2134 placere
1028 2058 1224 2134 cognovisset,
1243 2056 1316 2117 nibil
1335 2075 1443 2118 causae

272 2153 384 2230 habuit,
408 2171 462 2214 cur
486 2152 597 2212 similes
616 2171 665 2213 res
684 2171 742 2212 uon
762 2153 908 2214 similibus
927 2153 1084 2234 paribusve
1104 2154 1240 2215 versibus
1259 2155 1446 2216 describeret

270 2259 300 2312 et
327 2248 498 2310 illustraret.
545 2248 622 2320 Quin
652 2267 721 2309 vero
749 2250 882 2328 singulos
910 2250 954 2311 vel
983 2251 1068 2311 binos
1092 2270 1256 2330 versuspue
1284 2255 1315 2314 in
1339 2253 1444 2313 eodem

274 2347 393 2428 quidem
414 2348 544 2406 carmine
565 2349 673 2406 iterare
692 2346 844 2426 dubitavit,
864 2347 955 2408 veluti
974 2349 1005 2408 Ε
1021 2346 1063 2410 58
1080 2375 1120 2398 =
1138 2350 1168 2410 Ε
1185 2347 1258 2431 294,
1282 2351 1313 2411 Ε
1325 2347 1444 2412 366==

273 2446 304 2507 E
313 2441 386 2524 768,
402 2445 432 2504 A
446 2441 623 2506 264-265
635 2471 675 2494 =
688 2445 717 2506 A
728 2441 912 2526 sto-541,
928 2447 958 2505 A
973 2443 1148 2508 213-214
1159 2473 1201 2495 =
1214 2449 1242 2508 A
1259 2445 1446 2528 399-400,

271 2544 302 2604 A
325 2537 502 2603 275-276
519 2569 559 2590 =
577 2542 606 2602 A
629 2537 819 2621 586-587,
844 2546 876 2602 A
899 2539 1031 2604 tto-92
1047 2571 1088 2594 =
1105 2548 1137 2604 A
1161 2543 1345 2628 201-203,
1369 2564 1446 2626 quos

272 2658 376 2701 versus
394 2656 481 2699 nemo
505 2646 586 2698 certe
611 2638 768 2699 sollicitare
793 2638 839 2699 vel
862 2642 1067 2720 antiquitatem
1088 2644 1261 2722 carminum,
1284 2641 1446 2722 inquibus

274 2739 475 2814 inveniuntur,
491 2734 664 2795 addubitare
679 2736 806 2796 audebit.
836 2737 893 2797 Sed
909 2736 1078 2817 singiHatim
1094 2738 1169 2799 banc
1184 2757 1247 2800 rem
1262 2747 1445 2818 pertractare

272 2844 302 2895 et
335 2833 466 2912 exempla
496 2851 635 2894 versuum
668 2833 739 2894 lalso
768 2837 942 2896 iteratorum
970 2837 1104 2914 prolerre
1133 2835 1237 2898 inutile
1266 2855 1331 2897 esse
1360 2837 1446 2918 duxi3

272 2933 344 2992 satis
375 2928 463 2991 babui
496 2934 626 2991 rationes
655 2951 728 3011 quas
756 2941 877 2994 secutus
905 2935 959 2993 sim
990 2932 1164 2993 adumbrare
1194 2943 1223 2993 et
1251 2933 1378 2995 lectores
1408 2935 1444 2995 ad

274 3028 382 3092 Sittelii
406 3031 464 3090 mei
488 3027 610 3108 librum,
635 3029 686 3089 Die
711 3029 981 3109 Wiederbolungeu
1005 3034 1035 3092 in
1059 3031 1113 3091 der
1136 3029 1275 3112 Odyssce,
1300 3032 1445 3113 delegare,

181 3117 183 3124 ’
272 3132 302 3188 in
336 3130 422 3188 cuius
454 3125 523 3185 libri
557 3128 651 3204 prima
682 3135 766 3206 parte
796 3136 854 3188 tota
882 3127 955 3188 baec
985 3130 1118 3208 quaestio
1146 3129 1445 3190 commentationibus

273 3227 404 3285 virorum
429 3221 585 3284 doctorum
608 3223 703 3283 allatis
726 3224 812 3286 docte
837 3234 874 3285 et·
890 3226 1018 3287 dilucide
1043 3228 1175 3304 exposita
1199 3233 1253 3286 est.

363 3319 483 3382 Praeter
520 3319 680 3380 Homerum
720 3320 841 3382 Hesiodi
884 3342 1001 3402 quoque
1042 3341 1145 3383 versus
1182 3324 1254 3384 adeo
1288 3327 1446 3385 memoriae

275 3418 490 3498 rhapsodorum
524 3416 730 3499 inhaerebant,
764 3429 797 3479 ut
828 3430 879 3482 aut
909 3423 1119 3500 necopinantes
1149 3431 1200 3481 aut
1228 3440 1318 3502 pravo
1347 3422 1447 3484 studio

275 3514 472 3595 interpolandi
497 3514 616 3574 adducti
641 3533 692 3574 eos
711 3515 830 3576 Homeri
855 3519 1036 3580 carminibus
1060 3521 1235 3579 insererent.
1274 3521 1322 3581 Sic
1342 3540 1447 3582 versos

201 3657 208 3668 .
275 3615 308 3676 Ω
338 3610 381 3675 45
409 3631 443 3672 es
474 3610 541 3672 Hes.
571 3628 616 3689 op.
646 3608 724 3692 316,
756 3613 784 3672 Θ
814 3611 855 3675 15
883 3634 919 3676 ex
944 3614 1011 3676 Hes.
1040 3616 1136 3695 tbeog.
1161 3613 1239 3697 811,
1268 3622 1298 3678 A
1322 3616 1386 3679 265
1410 3637 1446 3678 en

275 3711 344 3773 Hes.
365 3719 438 3771 scut.
456 3707 533 3790 182,
556 3710 574 3769 1
597 3706 661 3769 604
685 3718 714 3770 et
734 3707 798 3771 612
822 3731 855 3772 ex
876 3713 944 3773 Hes.
964 3713 1061 3793 theog.
1081 3710 1146 3775 952
1169 3722 1200 3774 et
1223 3712 1287 3776 228
1312 3723 1448 3794 sumptos

276 3828 341 3870 esse
365 3814 456 3889 patet
496 3806 573 3867 Num
597 3825 632 3866 ex
656 3805 722 3866 aliis
742 3826 859 3887 quoque
879 3812 1022 3889 poematis
1042 3828 1144 3870 versus
1165 3813 1194 3871 in
1213 3809 1336 3874 Homeri
1354 3812 1448 3874 libros

276 3909 466 3989 irrepserint,
503 3912 572 3984 post
604 3914 718 3966 tantum
754 3914 885 3967 veterum
924 3906 1089 3968 litterarum
1127 3907 1312 3988 naufragium
1352 3929 1449 3988 neque

277 4023 445 4066 asseverare
470 4021 566 4082 neque
591 4004 711 4063 iudtiari
736 4003 822 4064 nobis
845 4004 922 4066 licet.

366 4103 386 4179 ξ
416 4099 466 4163 17.
511 4100 571 4161 lam
600 4109 775 4179 perventum
805 4112 850 4162 est
878 4105 913 4164 ad
943 4105 1148 4182 gravissimum
1173 4121 1267 4182 genus
1291 4105 1449 4186 interpola-

279 4203 402 4279 tionum,
426 4200 504 4279 quod
529 4217 596 4259 cum
616 4195 749 4278 Wollius,
773 4199 882 4279 proleg.
903 4221 927 4261 c.
949 4200 1042 4262 XXXI
1066 4219 1126 4261 non
1150 4203 1221 4261 satis
1244 4205 1450 4284 examinasset,

279 4296 439 4358 Homerum
463 4299 670 4357 universorum
694 4312 852 4374 corporum
878 4296 975 4359 lliadls
999 4305 1028 4358 et
1052 4296 1200 4377 Odysseae
1224 4299 1359 4377 opilicem
1383 4319 1449 4362 esse

279 4395 396 4472 negarit
428 4401 457 4452 et
484 4393 660 4453 artificiosae
690 4396 840 4472 compagis
869 4403 1049 4458 structuram
1078 4396 1295 4475 posterioribus
1322 4397 1451 4462 saeculis
