3280 5104
770 369 1004 434 -178-

298 549 357 591 non
391 540 505 591 veteres
540 531 649 590 formas
680 524 868 610 ldcpsfc'dpg
901 528 1092 610 Hptefidryc
1124 549 1341 592 revocaremus,
1388 530 1469 602 Quae

296 639 448 707 praeterea
473 627 623 689 Nauckius
647 631 768 706 scripsit
787 623 933 708 Πηνεῐός
949 621 1106 709 atcerte-
1119 623 1302 710 Σπερχε15ς
1318 620 1470 710 Ἀργεΐην

297 723 519 806 Καθμεΐωνες,
545 718 689 806 Πρόϊτος
714 745 760 806 ea,
785 744 852 786 oum
877 725 1052 805 etymologia
1075 745 1134 786 non
1158 727 1329 808 firmentur,
1353 729 1410 788 nisi
1438 729 1468 788 in

295 843 399 886 versus
423 823 554 884 clausula
578 823 771 902 comprobare
796 843 854 885 non
879 826 944 884 ansi
972 842 1084 903 sumus,
1108 825 1283 903 praesertim
1308 843 1376 886 cum
1400 843 1469 885 eon-

295 931 388 983 tracta
412 922 505 982 lorma
529 920 693 1002 Καδμεῖοι
719 925 750 982 Δ
774 919 837 983 391
863 931 958 982 metro
983 921 1111 982 stabilita
1136 925 1182 982 sit.

383 1015 444 1094 ἕως
477 1029 507 1080 et
538 1014 619 1091 νέως
652 1023 813 1081 contractis
845 1018 961 1079 duabus
995 1019 1144 1080 vocalibus
1177 1039 1324 1100 nusquam
1357 1019 1467 1080 dixisse

295 1117 442 1178 Homerus
466 1118 591 1179 videtur.
637 1117 702 1196 Qui,
722 1120 749 1178 si
772 1118 890 1178 codices
913 1116 1006 1196 audis,
1031 1127 1197 1196 repugnant
1221 1118 1277 1178 loci
1302 1119 1331 1178 P
1351 1115 1422 1179 727.
1446 1117 1468 1196 β

296 1213 367 1277 148.
397 1236 413 1276 ε
442 1213 514 1276 123.
539 1212 612 1276 386.
637 1237 656 1294 ρ
681 1213 754 1277 358.
777 1235 795 1274 τ
819 1211 893 1276 530.
917 1233 936 1274 κ
960 1211 1034 1275 348.
1058 1235 1076 1276 o
1100 1213 1175 1276 231.
1197 1235 1220 1275 π
1244 1213 1317 1276 370.
1342 1235 1367 1275 ω
1394 1212 1467 1296 162,

296 1332 399 1373 omnes
427 1313 578 1374 Nauckius
611 1312 737 1373 feliciter
770 1315 896 1392 sanavit,
929 1315 977 1372 eni
1011 1332 1045 1373 eo
1078 1315 1172 1391 magis
1200 1313 1288 1374 fidem
1316 1312 1467 1392 habemns,

295 1411 373 1490 quod
390 1411 465 1472 duae
486 1410 600 1471 vocales
615 1409 719 1470 barum
738 1408 950 1488 particularum
965 1410 1035 1470 olim
1051 1411 1197 1490 digamma
1208 1410 1354 1484 discretae
1374 1419 1467 1474 erant

383 1503 517 1586 Θρὲικες
546 1508 638 1568 luisse
667 1510 719 1586 qni
747 1506 882 1567 dicerent
906 1505 1073 1587 Stephanus
1097 1507 1284 1587 geographus
1309 1511 1467 1568 memoriae

295 1606 438 1686 prodidit:
466 1601 504 1668 τὸ
535 1598 674 1668 ἐθνικόν
698 1618 782 1685 φασι
805 1598 860 1664 καὶ
884 1599 1018 1684 optem
1040 1599 1095 1666 καὶ
1118 1603 1275 1686 θηλυκῶς
1298 1599 1467 1686 (rodrocus,

294 1723 381 1784 quam
412 1715 541 1765 veterem
565 1704 688 1764 formam
713 1704 821 1782 ionica,
849 1704 968 1782 opinor,
996 1702 1164 1764 litteratura
1188 1703 1386 1763 oblitteratam
1410 1702 1467 1764 llo·

294 1805 368 1863 meri
397 1801 579 1863 carminibus
607 1801 738 1862 Nanclrio
766 1808 927 1879 praeeunte
956 1800 1093 1862 omnibus
1123 1801 1196 1861 locis
1226 1803 1258 1860 Δ
1286 1796 1360 1861 537.
1385 1802 1412 1862 Ζ
1437 1799 1465 1862 7.

293 1901 313 1962 Ι
337 1897 367 1961 5.
392 1898 442 1960 72.
467 1899 500 1960 Κ
519 1896 595 1961 464.
617 1897 692 1960 470.
716 1895 790 1960 506.
814 1893 890 1958 518.
915 1898 944 1957 Λ
973 1895 1047 1959 222.
1076 1899 1112 1958 Ν
1136 1896 1166 1959 4.
1190 1895 1265 1959 301.
1289 1894 1318 1966 Ξ
1338 1896 1414 1959 227.
1440 1901 1470 1958 Τ

293 1994 367 2059 485.
382 1997 415 2056 Ω
425 1995 490 2058 234
505 1999 632 2059 restitui.
670 1995 778 2057 Frandi
792 2003 891 2055 autem
910 1995 1059 2058 veteribus
1074 1997 1275 2076 grammaticis
1291 2005 1320 2056 et
1335 1994 1465 2056 librariis

293 2097 362 2176 luit,
391 2095 468 2174 quod
502 2098 582 2156 iuxta
611 2096 720 2155 formas
748 2085 883 2172 Θρὲικες
909 2091 1033 2174 Θρεΐκη
1063 2092 1248 2175 Θρεῖκηθεν
1278 2095 1308 2152 in
1336 2092 1466 2153 Homero

293 2193 449 2275 Θρηίκιος
472 2193 613 2273 Θρηικίη
637 2195 824 2269 invenerunt,
848 2193 877 2250 in
902 2189 1010 2268 quibus
1035 2191 1138 2252 lormis
1162 2191 1297 2252 similiter
1321 2199 1410 2270 atque
1433 2193 1464 2252 in

293 2282 464 2362 ἀθάνατος
495 2282 664 2371 ἀκάματος
696 2287 845 2370 Ζεφυρίη
879 2279 1078 2366 ἠερέθονται
1110 2279 1264 2368 ἡνεμόεις
1296 2291 1391 2366 prima
1429 2307 1464 2348 ex

294 2387 390 2448 tribus
414 2387 555 2449 brevibus
578 2387 697 2467 syllabis
721 2389 750 2472 yi
773 2388 890 2446 metrici
914 2388 992 2446 ictus
1015 2386 1158 2466 producta
1183 2395 1237 2447 est.

380 2480 473 2559 θὲιος
496 2496 527 2547 et
551 2483 624 2559 δῖος
646 2489 686 2547 ita
710 2485 747 2546 ab
771 2485 899 2544 llomero
922 2484 1074 2564 distingui,
1099 2494 1131 2545 ut
1155 2487 1238 2562 prius
1261 2502 1369 2544 nomen
1394 2495 1463 2566 treS,

291 2585 415 2645 alterum
440 2584 514 2645 duas
537 2582 662 2664 syllabas
686 2583 809 2663 expleat,
833 2591 918 2642 acute
937 2581 1088 2643 Nauckius
1112 2581 1265 2662 intellexit,
1290 2600 1377 2660 quam
1397 2601 1463 2643 sen-

292 2686 412 2743 tentiam
441 2692 475 2742 ut
502 2681 776 2761 comprobaremus,
805 2682 941 2758 inprimis
973 2681 1010 2739 iis
1040 2679 1174 2739 versibus
1202 2679 1323 2740 adducti
1350 2699 1464 2760 sumus,

292 2783 320 2839 in
350 2779 459 2858 quibus
482 2780 591 2841 θείοιο
621 2781 651 2839 in
682 2779 739 2838 line
763 2796 867 2839 versus
891 2779 1066 2840 collocatum
1091 2786 1144 2859 est,
1169 2788 1202 2838 ut
1226 2778 1254 2838 0
1277 2775 1320 2839 25
1344 2770 1465 2860 ἀζηχὴς

291 2868 397 2956 ὀδύνη
413 2867 631 2958 Ἡρακλεέἑος
653 2874 777 2936 θεῖοιο·
802 2878 837 2936 cl.
861 2872 951 2952 865.
989 2876 1059 2937 lnde
1079 2874 1244 2936 Nauckium
1263 2877 1351 2936 etiam
1371 2876 1400 2937 Β
1419 2874 1463 2940 22

291 2976 400 3034 variam
430 2973 586 3034 lectionem
614 2975 678 3034 cod.
702 2973 803 3034 Venet.
828 2975 860 3034 A
882 2967 1119 3055 προσεφώνεεν
1143 2959 1244 3047 οὖλος
1258 2965 1408 3055 Ὄνειρος
1431 2984 1462 3034 et

289 3075 315 3132 θ
339 3069 403 3134 530
428 3070 500 3144 δῖος
523 3063 637 3145 ἀοιδός
657 3070 791 3150 vulgatae
810 3065 1023 3153 προσεφώνεε
1042 3073 1137 3143 θεῖος
1150 3062 1300 3152 Ὄνειρος
1319 3078 1349 3130 et
1366 3073 1462 3145 θεῖος

289 3160 404 3242 ἀοιδός
427 3170 789 3248 praeferentemscoutus
813 3189 888 3232 sum.

380 3266 468 3329 θεοί’
494 3270 519 3328 si
538 3266 685 3328 Homerus
709 3268 839 3329 diductis
864 3267 982 3348 syllabis
1001 3261 1096 3341 θέϊος
1114 3286 1232 3346 semper
1251 3272 1461 3348 pronuntiavit,

290 3369 418 3426 nominis
442 3365 585 3444 simplicis
607 3362 693 3426 θεοῦ
716 3365 841 3450 syllabas
866 3367 1004 3443 umquam
1028 3385 1096 3426 eum
1115 3369 1299 3427 contraxisse
1318 3385 1461 3446 perquam

291 3468 350 3525 veri
374 3463 518 3524 dissimile
542 3471 596 3523 est.
637 3462 722 3533 Quod
742 3462 895 3524 Bentleius
918 3483 986 3524 crim
1010 3463 1085 3524 bene
1109 3465 1240 3543 vidisset,
1264 3467 1461 3526 inveteratum

289 3563 429 3622 mendum
462 3579 565 3621 versus
593 3562 625 3620 A
655 3557 695 3621 18
729 3550 809 3638 ὑμῖν
841 3553 902 3639 μὲν
932 3555 1008 3622 θεοὶ
1037 3558 1129 3622 doleo
1158 3564 1311 3640 ingeniose
1339 3562 1461 3623 sustulit

289 3660 446 3720 scribendo
470 3651 554 3740 ὔμμι
577 3652 654 3720 θεοὶ
677 3650 740 3737 μὲν
763 3655 871 3735 δοῖεν,
895 3678 982 3737 quam
1007 3658 1243 3720 emendationem
1267 3660 1404 3739 equidem
1429 3664 1458 3720 in

288 3767 402 3819 textum
430 3760 543 3836 recepi,
573 3756 642 3817 licet
670 3754 758 3834 paulo
789 3755 938 3817 difficilior
966 3759 1005 3817 sit
1037 3757 1072 3817 ad
1106 3756 1322 3819 emendandum
1353 3777 1459 3820 versus

288 3855 435 3935 Odysseae
470 3850 487 3929 ξ
519 3851 583 3916 251
619 3853 753 3914 θεοῖσίν
783 3872 818 3914 τε
848 3847 954 3934 ῥέζειν
989 3847 1178 3935 (ῥεξέμεναί
1202 3875 1237 3917 τε
1264 3858 1360 3929 θεοῖς
1382 3858 1459 3918 coni.

287 3949 353 4035 Na.)
378 3945 565 4015 adeotatus
589 3950 684 4012 δαῖτα
709 3943 881 4012 πένεσθαι.

375 4044 488 4124 editoe
528 4059 588 4111 tres
621 4048 746 4129 syllabas
779 4047 916 4109 omnibus
948 4050 1021 4111 locis
1056 4051 1175 4130 explere
1211 4059 1330 4131 praeter
1366 4071 1457 4113 unum

287 4147 434 4228 Odysseae
463 4170 481 4229 χ
509 4145 574 4210 385
602 4151 717 4226 primus
745 4149 860 4208 monuit
883 4146 920 4208 Μ.
944 4147 1091 4228 Hauptius
1114 4152 1144 4210 in
1168 4149 1223 4212 Rh.
1247 4149 1283 4212 ll.
1308 4148 1361 4210 XX
1384 4149 1458 4212 304.

374 4243 504 4326 κρεάων
515 4241 651 4331 (κρειῶν
657 4240 756 4328 codd.)
765 4243 1011 4308 Λ55Ιεοοεοῑοι·
1021 4249 1218 4328 reposuimus,
1229 4250 1296 4328 quia
1308 4250 1338 4308 in
1349 4248 1458 4329 hymno

287 4345 376 4407 llere.
396 4343 460 4407 130
478 4355 563 4407 vetus
584 4347 676 4406 lorma
694 4338 826 4424 κρεάων
845 4347 997 4406 etiamtum
1017 4353 1132 4406 servata
1151 4353 1256 4406 exstat
1293 4345 1334 4404 De
1355 4347 1459 4408 lormis

287 4443 422 4504 similiter
459 4441 635 4506 diducendis
667 4437 917 4525 Harpouisds'og
943 4435 1139 4526 ‘Hpaxiafe‘t'
1174 4435 1290 4504 audiet·
1321 4437 1458 4517 culdeos
