3202 5086
623 379 775 431 ΙΛΙΔΔΟΣ
793 381 843 430 XV

145 539 315 626 Ἕκτορος·
340 537 442 619 αὐτὸς
465 537 528 627 γάρ
551 546 607 606 λοι
631 533 688 605 ἀπ’
714 537 852 625 αἰθέρος
874 531 935 624 ἦεν
958 535 1117 626 ἀμύντωρ

146 645 244 730 Ζεύς,
269 644 305 725 ὅς
328 672 388 732 μιν
409 644 587 714 πλεόνεσσι
610 643 679 730 μετ’
706 641 851 732 ἀνδράσι
874 649 1005 732 μοῦνον
1029 644 1128 713 έόυτα

144 759 222 840 τίμα
244 753 300 820 καὶ
323 751 471 820 κύδαινε.
517 749 744 837 μινυνθάδιος
765 748 830 839 γὰρ
853 755 988 838 ἔμελλεν

145 857 294 928 ἔσσεσθ’·
317 857 383 946 ἤδη
406 857 471 946 γάρ
493 866 550 925 λοι
574 856 725 945 ἐπόρνυε
748 857 916 946 μόρσιμον
938 848 1028 945 ἦμαρ

146 964 281 1047 Παλλὰς
300 965 463 1053 Ἀθηναίη
487 961 552 1032 ὑπὸ
577 968 749 1050 Πηλεΐδαο
773 971 901 1052 βίηφιν.

145 1077 195 1141 καί
219 1075 247 1155 ῥ’
271 1073 361 1140 ἔθελε
386 1078 494 1154 λρῆξαι
518 1075 624 1154 ετὶχαε
648 1073 789 1155 ἀνδρῶν,
816 1075 1006 1155 πειρητίζων

145 1185 163 1266 ᾗ
187 1185 225 1263 δὴ
250 1186 400 1247 πλεϊετον
422 1181 536 1262 ὅμιλον
559 1179 620 1260 δρα
644 1183 694 1246 καὶ
717 1180 822 1261 τεύχε’
845 1181 963 1264 ἄριετα.

145 1287 216 1354 ἀλλ’
239 1286 309 1353 οὐθ’
331 1286 375 1353 διε
399 1289 518 1353 δύνατο
542 1293 664 1372 λρῆξαι,
688 1289 773 1368 μάλα
797 1309 858 1368 περ
880 1289 1072 1368 μενεαίνων·

147 1395 238 1474 ἴαχον
262 1395 323 1474 γὰρ
346 1395 513 1474 πυργηδὸν
536 1392 704 1476 ἀρηρότεε,
727 1395 803 1474 ἠύτε
828 1396 927 1477 πέτρη

145 1503 294 1582 ἠλίβατοι
318 1502 452 1582 μεγάλη,
477 1506 590 1582 πολιῆε
612 1499 691 1567 ἆλδε
715 1504 810 1581 ἐγγὺε
834 1504 944 1583 ἑοῦεα,

145 1612 164 1690 ἥ
188 1631 222 1674 τε
248 1611 334 1688 μένει
358 1611 475 1687 λιγέων
498 1607 627 1688 ἀνέμων
650 1609 793 1690 λαιψηρὰ
816 1612 952 1676 κέλευθα

144 1715 266 1797 κύματά
288 1737 323 1781 τε
347 1716 545 1796 τροφόεντα,
568 1714 609 1779 τά
631 1735 665 1779 τε
690 1717 938 1795 προεερεύγεται
962 1716 1077 1798 αὐτήν·

144 1825 188 1889 διε
212 1824 340 1888 Δαναοὶ
362 1822 475 1902 Τρῶα(
499 1823 597 1901 μένον
620 1821 762 1902 ἔμπεδον
785 1823 861 1889 οὐδὲ
886 1825 1037 1904 φέβοντο.

144 1925 250 2013 αὐτὰρ
275 1922 293 1994 ὃ
317 1923 529 2012 λαμπόμενος
551 1925 631 2009 πυρὶ
654 1923 826 1994 πάντοθεν
852 1926 971 2012 ἔνθορ’
998 1923 1120 2017 ὁμίλῳ,

145 2037 181 2103 ἐν
205 2034 234 2102 δ’
262 2032 349 2100 ἕπετ’
376 2029 421 2112 ὥς
444 2027 499 2100 ὅτε
522 2035 612 2118 κῦμα
634 2035 703 2121 θοῇ
728 2035 764 2101 ἐν
787 2033 844 2120 νηὶ
867 2034 1006 2122 πέσῃσιν

144 2141 271 2229 λάβρον
294 2137 360 2208 ὑπὸ
384 2139 515 2226 νεφέων
538 2135 776 2227 ἀνεμοτρεφές·
799 2137 820 2226 ἢ
846 2141 886 2208 δέ
905 2165 939 2208 τε
962 2143 1051 2206 πᾶσα

143 2246 228 2336 ἄχνη
252 2243 471 2333 ὑπεκρύφθη,
495 2245 622 2332 ἀνέμου
647 2244 683 2314 δὲ
707 2245 840 2328 δέειυὸς
862 2245 969 2334 ἆέήτη

145 2358 237 2445 ίστίφ
262 2353 473 2440 ἐμβρέμεται,
497 2353 675 2438 τρομέουσι
700 2354 739 2420 δέ
759 2380 793 2421 τε
818 2355 925 2442 φρένα
947 2355 1067 2420 ναῦται

145 2459 316 2538 δειδιότες·
339 2456 469 2527 τυτθὸν
490 2460 555 2546 γὰρ
579 2454 661 2525 ὑπὲκ
683 2458 849 2528 θαυότοιο
873 2461 1046 2547 φέρονται·

144 2564 189 2647 δός
212 2569 357 2648 ἐδαΐζετο
381 2563 492 2651 θυμὸς
515 2565 564 2632 έυὶ
588 2563 771 2652 στήθεσσιν
793 2565 943 2655 Ἀχαιῶν.

144 2677 244 2756 αὐτὰρ
267 2675 287 2741 ὅ
311 2673 342 2753 γ’
364 2675 408 2740 ὥε
431 2695 465 2740 τε
490 2677 575 2740 λέων
598 2675 774 2756 ὀλοόφρων
799 2678 906 2758 βουεὶν
930 2676 1091 2754 ἐπελθών,

144 2785 177 2851 αἵ
200 2784 241 2865 ῥά
263 2781 291 2848 τ’
313 2785 350 2850 ἐν
374 2782 502 2868 εἱαμενῇ
527 2783 618 2848 ἕλεοε
641 2783 795 2863 μεγάλοιο
819 2787 969 2865 νέμονται

144 2891 262 2972 μυρίαι,
285 2890 322 2955 ἐν
346 2891 381 2954 δέ
405 2910 439 2954 τε
463 2894 530 2974 τῇει
553 2892 670 2969 νομεὺε
693 2889 732 2955 οὔ
756 2912 809 2955 πω
833 2891 921 2972 εάφα
944 2890 1057 2956 Ἑειθώε

144 2999 214 3076 θηρὶ
238 2998 430 3076 μαχήεαεθαι
453 2997 576 3061 έέλικοε
602 2997 677 3076 βοδε
700 2995 781 3077 ἀμφὶ
805 3005 955 3084 φονῇειν·

144 3105 163 3184 ἦ
186 3124 236 3168 τοι
259 3104 278 3167 ὃ
302 3103 360 3181 μὲν
384 3102 524 3185 πρώτηει
547 3104 598 3167 καὶ
622 3102 779 3187 ὑετατίηει
805 3103 926 3183 βόεεειν

147 3211 216 3275 αἰὲν
240 3208 432 3289 ὁμοετιχάει,
456 3209 478 3272 ὃ
498 3210 534 3273 δέ
556 3207 585 3272 τ’
607 3210 644 3273 ἐν
667 3210 817 3296 μέεεηειν,
832 3209 968 3289 δρούεαε

146 3321 224 3397 βοῦν
248 3315 326 3395 ἔδει,
350 3315 383 3378 αἳ
406 3317 442 3380 δέ
466 3334 500 3378 τε
525 3317 620 3379 πᾶεαι
644 3314 834 3396 ὑπέτρεεαν·
858 3315 902 3378 διε
925 3313 992 3378 τότ’
1013 3313 1133 3393 Ἀχαιοί

145 3423 314 3488 θεεπεείωε
336 3421 499 3501 ἐφόβηθεν
524 3419 579 3500 ὑφ’
601 3421 727 3500 ’Ἐκτορι
750 3421 801 3484 καὶ
824 3421 879 3484 Διὶ
903 3421 998 3498 πατρί

217 3629 430 3686 613b=n175
504 3627 713 3684 615b=M4⁷
787 3631 976 3689 620-3‘1‘1
1050 3633 1263 3698 621·=y290

146 3715 345 3766 622=Efi27
419 3710 635 3764 62ecf.X202
708 3714 870 3764 629=18
942 3713 1160 3764 6³1=A483.

217 3911 358 3962 610-614
377 3906 520 3961 damnavit
538 3905 594 3974 Ar„
613 3922 647 3960 ne
666 3905 779 3975 scripsit
797 3904 910 3974 quidem
930 3905 1003 3972 Ζεπ,
1021 3903 1107 3958 trium
1123 3904 1316 3959 recensionum

145 3987 298 4058 particulas
318 3992 471 4051 605-622,
492 3990 646 4053 623-629,
666 3991 805 4041 660-637
825 4001 977 4056 agnoscere
995 3985 1049 4038 sibi
1068 3985 1142 4039 visus
1161 3987 1205 4038 εελ
1223 3983 1317 4040 Fried-

144 4068 260 4124 laender
277 4066 305 4120 in
325 4065 394 4122 Phil.
415 4067 451 4121 IV
474 4071 527 4121 664
611 4073 662 4122 621
683 4065 840 4137 τροφέαντα
858 4067 883 4119 Α
903 4095 935 4114 s·-
955 4059 1046 4132 αότήν
1065 4063 1137 4118 ACD
1156 4062 1216 4120 An:
1244 4058 1317 4136 αὐτῇ

146 4150 182 4216 G,
202 4142 292 4214 ἀκτὴν
312 4139 328 4215 ἢ
347 4141 418 4218 ἀκτῇ
438 4141 456 4217 ἢ
475 4147 580 4216 μᾶλλον
600 4141 690 4217 αὐτὴν
710 4147 786 4202 Eunt.
878 4151 929 4200 622
950 4165 991 4216 ηρ.
1012 4141 1042 4212 ἐξ
1062 4139 1129 4208 ἁλὸς
1148 4142 1187 4208 ὡς
1207 4146 1318 4200 Δαναοὶ

145 4229 233 4284 εοθολ.
253 4229 277 4282 A
297 4258 330 4268 -
351 4223 415 4282 οὐδ’
437 4223 516 4300 ἐφέβ.
536 4226 575 4295 Ι),
593 4229 670 4283 totus
689 4243 784 4282 versus
803 4226 856 4280 λιοο
875 4225 937 4281 λοοο
958 4227 1104 4296 suspectus
1190 4230 1241 4279 626
1260 4221 1316 4280 ὑπὸ

145 4307 233 4364 Wolf:
254 4303 325 4362 ὑπαὶ
344 4307 425 4362 codd.
517 4315 568 4363 626
587 4303 659 4378 ἄχνη
678 4305 698 4362 C
719 4307 782 4361 Zen.
803 4335 837 4344 -
856 4301 901 4359 δέτ
929 4323 957 4360 τε
978 4303 998 4358 C
1019 4333 1052 4343 -
1072 4297 1190 4370 ἆνέμοιο
1209 4297 1240 4356 δέ
1260 4304 1316 4357 δει-

145 4385 195 4450 νὸς
213 4387 293 4442 codd.
315 4417 347 4426 -
367 4381 483 4456 ἆήτηΑ
587 4393 638 4442 633
658 4384 838 4458 μαχέσασθαι
858 4384 937 4440 codd.
1047 4385 1098 4437 636
1117 4375 1189 4452 ὁμοῦ
1210 4377 1317 4452 στιχόει

145 4467 262 4522 Βελτλιω.
