3280 5104
774 387 993 450 ..90-

299 551 476 611 cohaereant
503 557 533 609 et
561 548 778 628 simplicitatem
808 552 915 612 veteris
943 553 1084 611 carminis
1111 569 1181 628 prae
1211 569 1243 610 se
1273 551 1383 631 ieram,
1412 553 1469 630 ipsi

299 668 353 727 per
376 667 407 708 se
431 647 596 708 ostendent.

387 743 474 822 544.
501 747 695 816 Quaestiones
710 746 746 806 de
761 749 875 826 origine
886 747 1058 809 Homericae
1074 749 1181 826 poesis,
1195 746 1232 807 de
1247 745 1344 807 tabula
1354 746 1470 827 Troica,

299 845 334 904 de
355 845 472 904 nomine
491 843 621 925 Homeri,
640 846 676 905 de
695 847 789 923 patria
810 847 874 905 eius
894 857 922 908 et
937 853 1032 907 aetate
1048 845 1149 925 plenas
1163 844 1212 904 bic
1227 852 1367 904 excutere
1382 843 1468 904 nobis

297 961 356 1003 uon
376 945 593 1020 proposuimus.
631 942 689 1002 Sed
708 946 811 1021 paucis
831 946 860 1004 in
881 945 938 1004 llue
957 943 1046 1004 buius
1065 942 1133 1003 libri
1152 942 1283 1002 indicare
1299 943 1393 1002 visum
1413 950 1468 1021 est,

298 1061 372 1120 qrrae
392 1061 426 1101 ex
448 1039 612 1102 rationibus
631 1061 646 1102 a
668 1041 753 1102 nobis
773 1045 854 1104 initis
873 1042 908 1102 ad
929 1041 1081 1102 historiam
1102 1039 1181 1100 iliaci
1198 1042 1341 1118 poematis
1361 1059 1468 1118 cogno-

298 1139 436 1198 scendam
451 1138 618 1199 redundare
633 1139 803 1221 videantur3
822 1142 925 1221 paucis
940 1147 1039 1200 autem
1053 1137 1109 1198 hoc
1124 1156 1248 1198 munere
1263 1146 1330 1217 post
1345 1137 1467 1198 volumi-

297 1256 368 1297 nosa
397 1245 427 1297 et
457 1237 518 1297 lere
546 1239 700 1298 innumera
729 1249 893 1299 commenta
918 1239 1048 1298 virorum
1079 1236 1234 1296 doctorum
1262 1236 1469 1314 deluugemur,

298 1353 444 1394 memores
459 1334 602 1414 praeclari
617 1335 689 1396 dicti
700 1334 851 1415 Euripidei
868 1325 995 1406 ἁπλοῦς
1009 1324 1147 1413 berillos
1157 1331 1214 1413 τῆς
1224 1324 1384 1413 ἀληθείας
1394 1331 1468 1412 ἔφυ.

388 1431 485 1492 Wollii
508 1431 725 1512 prolegomenis
748 1436 953 1513 quaestionem
976 1432 1013 1493 de
1036 1433 1150 1510 origine
1170 1431 1344 1492 Homericae
1368 1433 1468 1509 poesis

297 1538 416 1610 motam,
440 1548 498 1590 non
522 1529 689 1608 expeditam
713 1541 743 1591 et
766 1530 892 1592 solutam
917 1547 982 1590 esse
1006 1528 1051 1588 vel
1074 1530 1212 1588 acerrimi
1236 1531 1292 1589 viri
1310 1528 1468 1588 clarissimi

293 1627 461 1688 laudatores
485 1626 657 1688 concedent.
698 1626 735 1688 Ut
768 1629 847 1688 onim
872 1644 946 1704 quae
970 1624 1019 1686 ille
1043 1626 1079 1686 de
1104 1634 1238 1686 veterum
1262 1629 1468 1706 grammatico·

296 1745 362 1786 rum
398 1725 504 1785 studiis
537 1722 702 1784 Homericis
736 1724 936 1804 adumbrarit,
969 1733 1070 1803 postea
1103 1726 1184 1784 curis
1217 1723 1333 1784 chrsii
1366 1724 1468 1784 Fried-

295 1824 425 1885 laenderi
453 1823 589 1882 lloemeri
621 1821 783 1883 subtilitate
815 1822 1063 1884 lineamentorum
1092 1829 1121 1882 et
1150 1819 1306 1900 splendore
1335 1820 1468 1882 colorum

294 1921 432 1982 distincta
462 1929 492 1980 et
517 1917 632 1998 expleta
656 1926 739 2000 sunt,
767 1923 810 1981 sic
834 1923 898 2000 ipse
922 1927 1136 1994 excuterentur
1159 1918 1233 1979 dixit
1257 1937 1378 1979 necesse
1402 1937 1468 1979 esse

294 2020 516 2080 accuratissime
545 2027 575 2078 et
599 2019 796 2078 intentissima
820 2037 891 2079 cura
917 2016 1075 2078 insolentia
1099 2015 1309 2076 vocabulorum
1334 2026 1363 2077 et
1387 2017 1467 2078 locu·

295 2121 422 2197 tionum,
451 2118 664 2176 sententiarum
689 2116 823 2195 dispares
847 2114 974 2195 colores,
1005 2117 1126 2194 vestigia
1150 2114 1261 2174 alienae
1285 2117 1468 2196 imitationis,

297 2223 330 2277 ut
356 2216 487 2275 carmina
515 2216 604 2274 unius
633 2214 677 2274 vel
707 2214 834 2274 duorum
864 2212 1052 2274 saeculorum
1080 2215 1175 2292 spatio
1204 2213 1350 2272 disiuncta
1375 2211 1467 2292 probe

296 2313 550 2391 dignoscerentur.
596 2311 639 2370 Ex
673 2313 710 2370 iis
742 2319 854 2391 autom,
888 2313 939 2391 qui
972 2313 1016 2372 vel
1046 2319 1113 2390 post
1142 2310 1240 2371 Wollii
1268 2310 1468 2372 dubitationes

295 2429 413 2472 sacrum
438 2408 558 2468 Homeri
586 2417 675 2488 caput
702 2408 758 2470 sibi
787 2410 862 2487 eripi
886 2409 1085 2470 lamentantur
1109 2417 1197 2487 atque
1221 2425 1319 2468 arcem
1344 2411 1467 2470 unitatis

295 2509 473 2570 obstinatius
493 2524 580 2586 quani
601 2507 778 2586 prudentius
796 2505 969 2588 detendunt,
988 2507 1037 2569 alii
1057 2523 1202 2586 equorum
1217 2507 1319 2584 instar,
1339 2524 1467 2585 qrrorum

295 2606 383 2686 oculi,
408 2625 444 2666 ne
469 2604 559 2665 radiis
583 2603 653 2665 solis
672 2611 911 2684 consternantur,
935 2607 1025 2666 coriis
1044 2603 1253 2683 defenduntur,
1278 2602 1373 2664 lucem
1393 2608 1467 2666 artis

294 2707 415 2766 criticae
449 2702 656 2763 abominantur
689 2711 719 2762 et
751 2710 924 2782 argumenta
957 2701 1001 2762 vel
1034 2704 1219 2781 apertissima
1248 2701 1320 2762 nunt
1352 2713 1467 2784 curant,

295 2803 343 2864 alii
368 2809 412 2861 tot.
435 2801 584 2878 tantisque
609 2799 886 2878 interpolationibus
910 2809 1040 2860 veterem
1063 2799 1183 2860 iliadem
1207 2807 1324 2861 auctam
1348 2809 1378 2861 et
1401 2821 1465 2862 cor-

294 2907 412 2979 ruptam
440 2916 505 2958 csse
534 2903 681 2976 statuunt,
710 2906 743 2957 ut
771 2915 984 2977 saepenumero
1012 2896 1206 2958 mirabundus
1235 2917 1373 2978 quaeras,
1402 2903 1466 2978 ‹pri-

293 3017 361 3060 uam
385 2995 503 3057 tandem
528 2997 577 3054 isti
597 2994 824 3073 interpolatores
844 2996 955 3055 luerint
974 3005 1004 3055 et
1023 2991 1094 3074 quid
1114 2995 1230 3056 consilii
1250 2998 1279 3057 in
1299 2999 1465 3057 innumeris

294 3098 359 3156 istis
393 3092 527 3154 versibus
560 3099 590 3151 et
621 3091 754 3152 historiis
786 3092 1000 3172 interpolandis
1029 3095 1124 3154 secuti
1153 3096 1220 3154 sint.
1268 3094 1376 3154 Verum
1405 3114 1463 3155 uon

294 3195 386 3272 magis
422 3191 495 3252 mibi
532 3190 696 3270 probantur
733 3190 779 3250 vel
814 3190 966 3270 plerisque
1003 3190 1123 3269 probari
1160 3191 1245 3251 video
1282 3191 1464 3252 Lachmauui

294 3289 428 3350 Hoechlii
459 3288 638 3368 Hollmanni,
671 3289 802 3348 virorum
831 3291 1098 3370 sagacissimorum,
1130 3291 1301 3368 opiniones,
1335 3292 1463 3368 primum

294 3386 408 3466 singula
433 3387 564 3446 carmina
586 3405 602 3445 a
628 3387 715 3446 variis
740 3387 834 3464 poetis
858 3394 969 3446 temere
993 3387 1065 3465 lusa,
1090 3393 1189 3465 postea
1209 3405 1224 3446 a
1244 3386 1399 3446 Pisistrato
1419 3388 1464 3447 rel

293 3485 349 3546 alio
374 3486 556 3561 nescioquo
580 3484 610 3542 in
636 3501 726 3543 renum
750 3501 859 3562 corpus
881 3483 979 3544 Iliadis
1002 3486 1159 3546 coniuncta
1184 3503 1249 3544 esse
1269 3487 1487 3560 censentium„

293 3583 365 3642 Nam
390 3589 423 3642 ut
448 3587 629 3660 praeteream
653 3579 853 3658 pucherrima
877 3584 1016 3662 carmina,
1042 3581 1122 3642 velut
1144 3581 1181 3642 de
1205 3583 1294 3644 caede
1317 3583 1464 3665 Hectoris,

293 3700 328 3741 ex
366 3678 437 3740 orbe
475 3686 608 3738 veterum
645 3675 764 3736 iberum
801 3681 965 3739 carminum
1000 3679 1131 3759 seclusa,
1168 3680 1331 3742 secundom
1364 3681 1464 3743 Hiadis

293 3779 402 3840 librum
431 3779 461 3838 iu
490 3777 618 3836 minutas
646 3774 806 3852 particulas
835 3779 942 3837 misere
971 3777 1147 3857 dissectum,
1170 3777 1294 3839 aliorum
1318 3778 1463 3840 librorum

294 3897 397 3939 versus
427 3877 500 3936 mire
531 3873 670 3933 traiectos
699 3881 729 3932 et
756 3875 944 3935 commixtos:
975 3876 1038 3953 ipse
1066 3875 1155 3936 cardo
1183 3877 1271 3936 istius
1298 3879 1463 3938 sententiae

292 3974 502 4037 convellendas
534 3980 564 4033 et
596 3971 803 4048 infringendus
835 3979 888 4032 est.
935 3971 1061 4032 Prorsus
1094 3974 1168 4032 mira
1201 3973 1279 4033 enim
1312 3982 1391 4036 esset
1420 3979 1464 4036 vis

293 4076 383 4134 sortis
406 4074 557 4151 fortunae,
586 4071 611 4130 si
639 4069 770 4128 carmina
794 4084 853 4128 non
877 4077 911 4130 ut
934 4073 1186 4150 coniungerentur
1209 4070 1367 4152 destinata,
1396 4083 1464 4153 post

292 4173 328 4233 ab
352 4175 452 4250 inepto
477 4168 603 4248 quodam
627 4166 810 4226 diasceuasta
835 4167 992 4228 coniuncta
1016 4170 1046 4228 in
1069 4175 1128 4228 tam
1152 4170 1305 4246 egregium
1329 4180 1358 4230 et
1380 4189 1463 4250 prae-

292 4269 404 4330 clarum
437 4285 547 4346 corpus
575 4257 796 4345 coaluissent.¹)
843 4263 925 4326 Unde
953 4285 1070 4345 semper
1097 4268 1223 4326 maxime
1251 4267 1324 4327 mibi
1351 4266 1463 4346 placuit

383 4397 409 4463 l)
428 4395 507 4449 Hanc
530 4411 587 4447 rem
614 4407 696 4446 nemo
719 4391 889 4458 praeclarius
913 4393 1069 4448 illustravit
1092 4409 1176 4460 quam
1196 4394 1294 4460 (hoie,
1319 4409 1337 4446 a
1355 4393 1463 4464 history

292 4475 324 4531 ol
341 4477 443 4530 Greece
464 4474 489 4526 ll
508 4493 534 4543 p.
554 4479 615 4528 282:
638 4471 686 4527 the
705 4471 770 4532 idea
788 4473 852 4528 thal
870 4490 887 4527 a
905 4489 997 4543 poem,
1017 4490 1047 4528 as
1066 4489 1108 4527 we
1128 4472 1194 4527 read
1213 4471 1249 4538 it,
1267 4489 1343 4542 grew
1364 4477 1415 4528 out
1434 4475 1466 4528 ol
