3276 5090
668 401 890 466 -45-

187 583 315 646 prorsus
347 566 433 626 aliam
464 583 541 644 rem,
580 582 666 644 qnam
701 583 776 642 quae
808 583 896 626 versu
929 564 979 625 illo
1010 561 1040 634 Ξ
1069 563 1134 630 516
1171 567 1364 648 significatur,

187 674 340 744 spectasse
364 664 455 725 dices.

278 763 298 840 ξ
323 759 375 822 30.
421 761 554 841 Denique
584 759 717 838 longiore
740 759 894 820 intervallo
918 778 967 820 res
990 761 1147 822 distractas
1172 763 1281 841 fingere
1305 762 1363 823 sibi

186 859 337 920 llomerus
370 860 489 920 licuisse
522 858 684 918 arbitratus
716 865 775 940 est,
808 857 887 936 quod
920 860 1049 918 carmina
1084 857 1194 937 triadis,
1229 861 1363 938 quamvis

185 976 222 1017 ea
259 976 314 1018 sua
350 966 449 1018 mente
487 957 522 1017 ad
561 958 704 1018 unitatem
741 956 831 1015 unius
867 958 1001 1035 corporis
1037 961 1194 1018 coniuncta
1228 956 1363 1038 voluerit,

187 1063 288 1116 tamen
316 1074 375 1115 non
404 1057 562 1116 coniuncta
586 1054 637 1114 sed
662 1051 790 1132 singula,
819 1070 877 1112 non
902 1056 1038 1114 universa
1063 1057 1115 1117 sed
1139 1062 1272 1134 separata
1296 1074 1363 1115 cao·

189 1153 286 1232 tabat,
319 1163 350 1212 et
382 1155 407 1212 si
443 1152 561 1231 quando
594 1161 689 1211 totum
721 1149 823 1210 orbem
853 1153 1017 1212 carminum
1047 1153 1091 1212 rel
1123 1155 1264 1213 maiorem
1298 1155 1363 1212 eius

186 1257 304 1328 partem
337 1249 434 1308 eidem
466 1249 618 1309 hominum
647 1251 745 1308 coetui
775 1248 924 1328 recitavit,
957 1255 1054 1310 tamen
1084 1250 1245 1311 maioribus
1272 1251 1363 1311 inter·

185 1347 270 1410 vallis
299 1347 356 1408 boc
385 1349 490 1408 iecisse
521 1346 688 1408 censendus
717 1355 770 1408 est
816 1347 881 1407 fluo
909 1349 1052 1428 pertinet,
1084 1348 1162 1427 quod
1192 1367 1267 1426 quae
1296 1369 1362 1428 pro-

186 1449 267 1506 ximo
301 1447 349 1506 die
383 1446 458 1507 lacta
491 1463 556 1504 esse
590 1450 773 1524 narraverat,
805 1463 839 1502 ea
873 1442 941 1503 olim
976 1437 1067 1524 (troci
1102 1444 1145 1504 rel
1174 1436 1273 1524 ἤματι
1301 1444 1362 1531 τῷ)

186 1545 264 1605 facta
294 1561 360 1604 esse
390 1537 477 1624 dixit,
505 1542 585 1602 velut
613 1534 712 1622 ἤματι
736 1539 781 1626 τῷ
806 1533 860 1601 ὅτε
883 1543 913 1602 Θ
935 1538 1009 1602 475.
1035 1542 1064 1602 0
1088 1539 1129 1603 76
1152 1537 1203 1626 (cl.
1232 1545 1266 1604 N
1286 1541 1360 1606 335.

184 1638 216 1711 Ξ
243 1637 337 1722 250),
365 1634 444 1702 ποτὲ
471 1642 500 1701 Θ
530 1637 601 1700 108.
630 1636 660 1708 Ξ
684 1637 736 1700 lo.
771 1640 808 1698 Ψ
833 1635 912 1718 291,
941 1629 995 1700 ὅτε
1024 1639 1132 1721 Ρ25,
1159 1631 1265 1702 πάνθ’
1295 1632 1362 1704 ὑπὸ

185 1731 363 1818 μηνιθμόν
391 1740 427 1800 Π
452 1736 531 1818 207,
564 1736 740 1818 χαίρεσκον
773 1726 880 1797 lodov
910 1738 943 1796 Σ
969 1735 1042 1799 259.
1053 1731 1076 1821 ¹)
1128 1739 1204 1798 llinc
1237 1742 1263 1799 si
1296 1758 1362 1818 pro-

187 1838 360 1916 dciscbnur,
383 1838 442 1896 nbn
466 1836 624 1896 admodum
649 1831 823 1894 mirabimur
846 1832 924 1910 quod
949 1836 1128 1915 pgamemno
1152 1845 1182 1897 et
1206 1835 1361 1896 Diomedes

186 1937 275 1994 tertio
300 1934 357 2008 die,
381 1953 415 1992 ex
441 1953 499 2013 quo
523 1935 605 2012 grari
628 1930 749 1991 vulnere
774 1929 875 1990 afflicti
899 1939 991 2012 erant,
1015 1934 1140 2012 integris
1164 1933 1277 1994 viribus
1296 1953 1361 1994 cer-

186 2032 298 2092 tamina
323 2031 457 2092 funebria
477 2030 597 2110 obeunt,
616 2038 646 2089 et
670 2028 831 2108 Sarpedon,
850 2047 918 2088 oum
938 2031 1042 2108 quinto
1062 2029 1138 2090 libro
1157 2051 1172 2092 a
1192 2031 1361 2111 Tlepolemo

190 2147 286 2208 paene
310 2129 463 2189 mortifere
489 2128 659 2188 vrrlneratus
683 2133 762 2186 esset
780 2121 825 2204 (E
842 2119 932 2209 696),
955 2131 1044 2188 tertio
1063 2129 1111 2190 die
1131 2130 1226 2212 alacer
1246 2133 1360 2190 moenia

186 2235 356 2288 castrorum
384 2227 518 2288 adoritur
546 2233 634 2304 atque
662 2241 730 2284 cum
754 2222 890 2282 Patroclo
914 2223 1047 2306 dimicat,
1071 2235 1100 2286 et
1124 2227 1247 2307 Termes,
1272 2246 1359 2306 quem

185 2334 291 2385 octavo
323 2323 400 2384 libro
427 2323 456 2384 Θ
483 2321 549 2383 334
581 2325 781 2400 suspirantem
811 2323 935 2380 comites
967 2341 1002 2382 ex
1035 2324 1147 2402 proelio
1176 2323 1360 2405 rettulerant,

186 2431 332 2502 sequente
357 2421 404 2482 die
430 2421 471 2482 M
490 2417 666 2482 336—403
690 2426 720 2480 et
745 2419 773 2479 0
795 2415 983 2500 tao-483,
1006 2429 1154 2501 tamquam
1180 2424 1251 2484 nibil
1276 2434 1360 2485 antea

187 2524 215 2580 ei
251 2520 422 2599 accidisset,
452 2538 569 2599 pugnae
602 2519 718 2577 fortiter
750 2519 888 2597 interest,
921 2518 1049 2598 denique
1080 2519 1208 2580 llinerva
1238 2522 1267 2580 X
1295 2518 1358 2582 227

186 2616 346 2697 Deiphobi,
376 2619 427 2694 qui
457 2619 549 2678 fracto
577 2613 699 2675 brachio
723 2632 757 2673 ex
783 2633 879 2694 pugna
905 2617 934 2675 in
959 2615 1064 2676 urbem
1087 2616 1198 2677 relatus
1221 2616 1360 2677 narraba-

187 2724 237 2776 tur
261 2715 299 2775 N
325 2711 513 2795 oar—529,
542 2715 671 2793 speciem
695 2713 807 2771 imitata
832 2712 952 2774 Hectori
975 2715 1079 2776 adesse
1103 2715 1221 2777 dicitur.
1266 2715 1359 2794 Magis

184 2813 258 2874 illud
288 2815 398 2874 mirum
427 2821 486 2892 est,
514 2811 592 2891 qood
622 2817 708 2889 poeta
736 2811 767 2870 io
796 2809 849 2869 bac
879 2829 910 2869 re
939 2811 996 2896 sibi
1020 2830 1078 2872 non
1103 2821 1218 2872 constat
1242 2821 1271 2873 et
1295 2814 1359 2874 aliis

184 2911 259 2972 locis
283 2929 334 2971 res
358 2910 441 2970 brevi
464 2918 532 2970 ante
556 2908 601 2968 rel
620 2907 685 2967 beri
707 2898 820 2989 (χθιζὰ
839 2907 876 2968 Ν
894 2905 957 2968 745
976 2919 1005 2969 ot
1028 2909 1058 2968 T
1075 2904 1151 2989 142)
1172 2909 1264 2972 factas
1287 2910 1360 2970 dicit

186 3017 216 3068 et
245 3027 352 3069 rursus
380 3001 431 3090 (Π
452 3003 643 3089 509-530)
671 3004 835 3084 Apollinem
860 3005 982 3082 Glauco,
1010 3015 1166 3085 antequam
1195 3007 1359 3087 Sarpedoni

188 3107 282 3166 amico
302 3123 389 3184 opem
409 3104 492 3185 ferat,
510 3104 617 3166 rulnus
637 3115 722 3164 antea
737 3099 792 3186 (M
805 3097 884 3184 388)
899 3103 1042 3163 inflictum
1063 3112 1215 3165 sanantem
1235 3108 1359 3168 inducit.

277 3200 374 3265 Simili
401 3201 437 3261 de
467 3219 555 3262 causa
584 3202 651 3264 libri
680 3210 801 3263 octavus
830 3207 860 3259 et
887 3198 1062 3260 undecimus
1090 3200 1129 3259 ita
1154 3203 1360 3286 exordiuntur,

188 3308 338 3379 tamquam
363 3305 425 3358 tum
449 3299 577 3375 primum
597 3298 701 3358 Achivi
725 3307 753 3358 et
772 3297 891 3357 Troiani
910 3313 1015 3355 manus
1034 3304 1242 3360 corrseruerint
1261 3320 1358 3382 neque

187 3395 395 3477 superioribus
431 3395 536 3456 diebus
574 3396 733 3474 quidquam
766 3394 944 3456 debellatum
978 3394 1081 3476 fuerit,
1118 3396 1196 3457 unde
1230 3403 1358 3476 primum

188 3493 298 3554 librum
323 3493 360 3553 de
384 3491 506 3552 dissidio
530 3494 608 3551 inter
628 3491 770 3554 Achillem
789 3501 819 3552 et
837 3492 1084 3570 Agamemnonem
1103 3503 1168 3553 orto
1188 3512 1246 3554 non
1267 3497 1359 3572 magis

189 3591 340 3652 secundus
360 3609 447 3670 quarn
466 3597 587 3649 octavus
607 3588 651 3648 rel
671 3589 846 3650 undecimus
861 3587 935 3648 liber
950 3588 1094 3668 subsequi
1108 3591 1210 3666 possit,
1247 3589 1359 3650 Eodem

186 3693 329 3770 pertinet,
360 3687 438 3767 quod
467 3689 497 3747 in
525 3705 600 3746 noro
628 3689 759 3747 carmine
788 3687 988 3746 carmioumve
1017 3687 1099 3765 cyclo
1124 3705 1225 3748 rerum
1249 3695 1357 3748 statum

188 3786 353 3865 paullulum
378 3791 491 3846 mutare
515 3791 600 3864 poeta
625 3803 684 3845 non
708 3783 861 3863 dubitarit,
885 3791 917 3843 ut
938 3783 1105 3863 Diomedes,
1129 3785 1181 3862 qui
1204 3786 1234 3844 in
1254 3786 1357 3862 quinto

188 3884 263 3944 libro
288 3903 369 3943 arma
393 3883 498 3943 infesta
522 3885 553 3941 in
578 3881 721 3942 Venerem
745 3892 775 3942 et
794 3882 915 3943 llartem
941 3883 1099 3961 direxerat,
1123 3884 1152 3941 io
1179 3891 1262 3941 sexto
1281 3881 1362 3942 libro·

188 3981 215 4040 Z
240 3977 302 4042 129
327 3981 375 4058 pie
403 3986 434 4040 et
462 3978 628 4039 verecunde
655 3979 734 4040 dicat
762 3971 823 4041 οὐκ
854 3969 897 4040 ἂν
926 3977 1028 4060 ἔγωγε
1055 3981 1189 4040 θεοῖσιν
1217 3973 1356 4060 ἐπουρα-

278 4163 305 4230 1)
324 4157 401 4214 Iuslo
419 4159 483 4230 plus
501 4157 546 4212 his
563 4156 691 4214 formulis
709 4161 810 4215 tribuit
828 4157 934 4228 Jacob,
952 4157 1129 4226 Enlslebuug
1147 4157 1197 4212 der
1215 4155 1282 4212 llius
1301 4157 1357 4214 und

188 4239 311 4310 Odyssea
330 4257 357 4309 p.
377 4244 444 4306 289,
464 4241 495 4292 ut
513 4237 629 4294 Iliadem
648 4257 681 4294 ex
701 4238 819 4310 singulis
837 4237 1006 4294 carminibus
1024 4257 1042 4292 a
1060 4235 1213 4293 recentiore
1232 4237 1356 4294 diasceu-

189 4323 251 4374 asta
269 4322 416 4375 consutam
434 4335 495 4374 esse
514 4319 655 4387 probarat.
692 4317 823 4373 Profecto
842 4319 915 4373 enim
935 4319 1033 4370 auctor
1051 4317 1178 4372 ludorum
1198 4315 1355 4373 funebrium

187 4400 388 4470 praecedentes
417 4399 504 4454 libros
531 4397 589 4452 iam
618 4415 663 4462 eo.
696 4416 751 4469 quo
777 4416 841 4466 not,
869 4398 965 4454 ordine
992 4397 1065 4466 legit
1092 4400 1121 4452 et
1148 4395 1237 4452 nibilo
1265 4399 1356 4454 minus

189 4481 260 4535 dixit
280 4482 311 4534 Ψ
327 4486 378 4535 291
399 4479 503 4540 ἵππους
521 4471 573 4540 oa'r'c
591 4473 655 4532 ποτ’
675 4473 819 4548 ἀπηύρων.
