3280 5104
659 387 898 450 -121-

193 559 252 611 tam
280 551 366 612 facile
395 552 459 612 ausi
483 569 595 614 sumus.
640 550 721 611 Alios
746 551 864 611 iuturus
887 569 952 612 esse
976 569 1063 630 sporo
1087 561 1117 612 et
1140 571 1284 633 atrguror,
1312 556 1363 633 qui

191 652 453 728 grammaticorum
481 648 639 728 supercilia
667 649 751 709 llo'cci
780 649 924 710 ducentes
952 652 1103 729 inceptum
1130 668 1205 729 opus
1236 652 1271 710 ad
1301 669 1363 710 nm-

191 746 314 807 bilicum
333 745 498 826 perducere
518 747 647 808 tendant.
676 745 736 806 Nos
755 747 818 808 lere
836 749 873 808 iis
892 747 978 826 locis,
997 749 1028 808 in
1048 747 1156 826 quihus
1176 755 1226 808 aut
1245 749 1363 808 codices

191 845 338 908 fluctuant
356 853 407 906 aut
426 845 500 908 nihil
519 845 655 905 codicum
675 863 840 907 consensus
858 845 949 927 valet,
967 846 1180 926 elegantiarum
1200 845 1364 907 rationibus

192 942 376 1024 studuimus,
400 961 476 1023 quae
500 943 602 1024 quales
625 945 751 1026 fuerint,
774 943 905 1005 breviter
928 946 986 1005 ianr
1011 962 1200 1023 exponamus.

280 1041 315 1100 ln
338 1043 435 1119 primo
458 1041 532 1120 pede
556 1039 718 1102 liomerum
741 1041 906 1121 spondeum
929 1042 1044 1122 dactylo
1067 1043 1272 1121 anteposuisse
1295 1061 1363 1102 curn

191 1139 347 1200 Bellienus
365 1138 449 1198 Hom.
463 1137 576 1199 Blitter
595 1139 606 1198 l
628 1136 690 1201 138
710 1137 768 1199 sibi
785 1141 994 1220 persuasisset
1018 1139 1072 1200 hac
1092 1158 1195 1200 versus
1215 1138 1284 1199 sede
1303 1157 1362 1199 non

191 1237 289 1298 solum
308 1242 476 1298 contractas
494 1236 631 1297 codicum
656 1237 765 1297 lormas
787 1228 909 1316 θάρσει
932 1229 1047 1318 ἤσκειν
1066 1237 1121 1298 alia
1140 1237 1170 1298 id
1189 1254 1284 1316 gentis
1303 1255 1362 1296 non

191 1334 372 1412 sollicitavit,
398 1333 448 1393 sed
477 1334 567 1394 etiam
594 1352 685 1394 novas
712 1343 742 1395 et
765 1333 878 1416 dubias,
902 1333 982 1396 velut
1012 1325 1140 1396 ἑστεῶτ’
1167 1335 1195 1394 Β
1220 1331 1275 1413 70,
1297 1330 1366 1394 υἱεῖ

191 1432 224 1494 Γ
246 1430 319 1510 174,
343 1422 408 1512 ᾔδη
432 1431 461 1490 Β
479 1428 559 1511 409,
583 1433 678 1493 textui
700 1431 809 1492 intulit.
855 1431 961 1494 Merito
987 1433 1043 1494 hoc
1068 1435 1186 1494 nominc
1209 1431 1362 1492 Bellienus

191 1552 207 1592 a
231 1529 363 1592 Nauchio
388 1529 588 1608 reprehensus
612 1538 671 1610 est,
694 1529 746 1591 sed
770 1531 859 1590 etiarn
882 1533 981 1593 minus
1003 1531 1061 1610 hio,
1089 1530 1183 1610 quod,
1207 1537 1241 1589 ut
1263 1529 1361 1608 dacty-

188 1629 285 1689 lorum
308 1629 396 1708 primi
420 1626 504 1706 pedis
529 1646 687 1690 numerum
711 1629 845 1708 angeret,
868 1619 992 1710 ἀγχόθι
1011 1647 1065 1708 pro
1090 1620 1211 1710 ἀγχοῦ,
1237 1618 1362 1689 αὐτόθι

187 1745 244 1806 pro
264 1716 380 1804 αὐτοῦ,
405 1719 572 1806 φθισέμεν
590 1745 646 1805 pro
665 1724 804 1806 φθίσειν
824 1728 953 1806 scripsit,
972 1745 1071 1788 meum
1090 1726 1264 1806 applausum
1284 1725 1362 1786 tulit.

188 1824 381 1903 Exploratum
405 1825 484 1883 enim
507 1831 537 1884 et
560 1843 752 1886 numerorum
776 1824 1046 1903 computationibus
1071 1823 1296 1902 comprohatum
1316 1833 1362 1883 est

189 1922 354 2000 spondeum
377 1923 409 1982 in
433 1923 528 2000 primo
552 1921 628 2001 pede
652 1922 839 2002 frequentius
862 1943 952 2004 quam
975 1925 1006 1982 in
1029 1925 1138 1984 ceteris
1158 1940 1263 1984 versus
1286 1921 1362 1981 sedi·

189 2020 246 2082 hus
270 2028 445 2100 usurpatum
468 2038 534 2081 esse
558 2028 589 2082 et
611 2022 725 2082 heroici
747 2021 911 2084 hexametri
930 2022 1102 2099 gravitatem
1122 2019 1223 2080 sedato
1243 2020 1361 2080 incessu

189 2120 278 2198 primi
308 2119 392 2198 pedis
422 2121 531 2179 mirum
561 2127 706 2199 quantum
736 2121 846 2199 augeri.
893 2119 956 2190 Qua
985 2117 1021 2178 de
1051 2135 1138 2178 carisa
1166 2119 1197 2178 in
1225 2116 1360 2178 codicum

190 2217 367 2278 lectionibus
395 2217 457 2277 iere
485 2220 688 2297 acquievimus
716 2237 784 2299 nec,
811 2219 870 2278 nisi
898 2219 923 2277 si
947 2234 1020 2276 usus
1043 2215 1162 2276 dicendi
1186 2214 1361 2276 Homericus

190 2314 353 2395 flagitabat,
376 2314 412 2374 ah
435 2333 540 2375 eorum
564 2316 622 2376 ude
644 2317 833 2377 recessimus.

278 2411 359 2472 Alter
386 2430 440 2492 pes
468 2413 600 2491 spondeo
628 2413 768 2492 impletus
797 2432 893 2495 neque
921 2413 1016 2474 media
1047 2419 1131 2492 parte
1155 2413 1269 2472 incisus
1292 2410 1361 2472 licet

189 2508 226 2568 ah
253 2508 381 2570 flomero
409 2513 508 2570 minus
537 2529 625 2590 quam
652 2531 668 2572 a
692 2511 791 2573 latinis
818 2514 915 2592 poetis
943 2520 1063 2590 spretus
1087 2513 1139 2591 sit,
1167 2519 1265 2570 tamon
1289 2508 1360 2568 deli·

189 2609 263 2668 catis
285 2606 408 2668 auribus
431 2627 592 2688 numquam
616 2628 675 2670 non
699 2611 797 2672 annus
820 2609 969 2690 placebat3
996 2628 1053 2689 qua
1081 2608 1117 2670 de
1141 2626 1230 2668 causa
1258 2607 1361 2666 divisis

188 2703 339 2766 vocabulis
361 2704 508 2766 exaranda
531 2708 701 2768 curavimus

348 2830 460 2918 φύσει,
483 2832 553 2900 ἐπεὶ
577 2831 618 2919 δὴ
642 2830 769 2920 (ἐπειδὴ
793 2837 892 2922 codd.)
915 2836 1029 2921 πρῶτα
1052 2831 1159 2918 τομὴν
1182 2833 1219 2899 ἐν
1246 2829 1360 2916 ὄρεσσι

985 2931 1148 2998 λέλοιπεν·
1168 2929 1214 3017 (A
1224 2957 1225 2960 ¹
1235 2930 1315 3016 235)

348 3029 473 3096 πέπλον
506 3027 552 3112 d’,
586 3025 623 3108 ὃς
654 3033 705 3108 τίς
737 3027 841 3116 (ὅστις
873 3054 898 3094 v.
922 3028 955 3118 l.)
978 3053 1030 3096 τοι
1057 3028 1270 3114 χαριέστατος
1298 3023 1359 3112 ἠδὲ

985 3125 1151 3211 μέγιστος·
1170 3127 1212 3210 (Ζ
1236 3123 1315 3208 271)

318 3211 462 3308 ”Ἰὸαῑ’,
503 3213 525 3308 ἦ
566 3248 618 3290 τοι
656 3221 751 3310 (ἤτοι
787 3250 813 3290 v.
851 3223 888 3312 l.)
926 3227 1040 3310 μῦθον
1074 3220 1215 3308 Ἀχαιῶν
1256 3217 1358 3300 αὐτὸς

984 3317 1131 3400 ἀκούεις·
1160 3320 1213 3406 (H
1232 3320 1313 3409 406)

347 3408 375 3485 ὦ
397 3417 514 3504 γέρον,
538 3415 580 3484 οὔ
603 3441 654 3485 πω
674 3415 783 3506 (οὔπω
803 3421 875 3506 ν.1.)
893 3415 954 3485 τόν
977 3443 1014 3504 γε
1032 3417 1130 3497 κύνες
1149 3415 1261 3503 φάγον
1280 3413 1356 3485 odd’

960 3520 1104 3598 ·odoovoc‘
1124 3517 1171 3604 (te
1193 3517 1283 3601 411).

277 3609 385 3671 Verum
408 3613 440 3671 in
463 3629 551 3671 versu
576 3611 619 3672 M
638 3607 700 3673 151

347 3732 392 3817 ὣς
414 3740 483 3805 τῶν
505 3736 626 3826 κόμπει
648 3747 769 3826 puteos
791 3740 843 3808 ἐπὶ
867 3738 1027 3827 στήθεσσι
1051 3739 1190 3826 φαεινός

185 3879 293 3958 plenus
317 3895 408 3938 sonus
432 3878 556 3958 spondei
579 3877 652 3939 adeo
676 3896 744 3939 cum
768 3878 882 3939 tumido
906 3880 1021 3958 fragore
1044 3880 1122 3940 aeris
1145 3879 1296 3957 congruit,
1324 3887 1358 3938 ut
1472 3935 1476 3944 ,

185 3976 337 4036 diductam
362 3975 487 4040 sormam
509 3968 631 4056 κόμαεε
654 3976 691 4036 de
714 3977 884 4036 coniectura
908 3995 1053 4056 reponere
1077 3994 1136 4036 non
1159 3994 1249 4036 ausus
1270 3978 1334 4036 sim.

275 4072 381 4143 Quarti
399 4073 484 4152 pedis
502 4074 560 4134 fine
581 4075 606 4134 si
624 4075 719 4135 oratio
738 4074 898 4154 incidatur,
917 4074 1064 4154 dactylum
1084 4091 1172 4153 quarn
1192 4073 1357 4151 spondeum

184 4169 278 4231 multo
301 4172 395 4248 tnagis
417 4170 565 4249 placuisse
588 4171 740 4233 evidenter
763 4172 865 4235 docuit
887 4173 1049 4252 Bokkerus,
1073 4171 1157 4231 Hom.
1180 4170 1223 4231 Bl.
1246 4170 1259 4230 1
1285 4169 1356 4252 144,

185 4285 274 4346 quern
297 4268 339 4327 ita
362 4275 485 4330 moutus
503 4285 582 4348 sum,
606 4277 640 4331 ut
658 4268 703 4330 vel
726 4271 826 4332 inritis
845 4270 931 4332 libris
949 4270 1108 4349 dactylicas
1126 4255 1245 4350 formas,
1268 4271 1355 4332 modo

186 4364 394 4442 comprobatae
426 4365 493 4426 illae
526 4365 650 4446 aliisque
682 4367 755 4427 locis
787 4375 945 4446 usurpatae
978 4368 1102 4448 luerint,
1134 4369 1268 4446 recipere
1297 4387 1356 4430 non

57 4515 74 4538 ,
184 4460 394 4542 dubitaverim,
420 4461 499 4523 volut
