<?xml version="1.0" encoding="UTF-8"?>
<!DOCTYPE html PUBLIC "-//W3C//DTD XHTML 1.0 Transitional//EN"
    "http://www.w3.org/TR/xhtml1/DTD/xhtml1-transitional.dtd">
<html xmlns="http://www.w3.org/1999/xhtml" xml:lang="en" lang="en">
 <head>
  <title>
</title>
<meta http-equiv="Content-Type" content="text/html;charset=utf-8" />
  <meta name='ocr-system' content='tesseract 3.04.00' />
  <meta name='ocr-capabilities' content='ocr_page ocr_carea ocr_par ocr_line ocrx_word'/>
</head>
<body>
  <div class='ocr_page' id='page_1' title='image "./homeriiliadisca01homegoog_0020.png"; bbox 0 0 3276 5090; ppageno 0'>
   <div class='ocr_carea' id='block_1_1' title="bbox 682 391 877 454">
    <p class='ocr_par' dir='ltr' id='par_1_1' title="bbox 682 391 877 454">
     <span class='ocr_line' id='line_1_1' title="bbox 682 391 877 454; baseline 0 -18"><span class='ocrx_word' id='word_1_1' title='bbox 682 391 877 454; x_wconf 75' lang='grc'>,9-</span> 
     </span>
    </p>
   </div>
   <div class='ocr_carea' id='block_1_2' title="bbox 189 551 1371 2887">
    <p class='ocr_par' dir='ltr' id='par_1_2' title="bbox 189 551 1371 1321">
     <span class='ocr_line' id='line_1_2' title="bbox 189 551 1362 634; baseline 0.001 -22"><span class='ocrx_word' id='word_1_2' title='bbox 189 569 314 631; x_wconf 89' lang='lat' dir='ltr'>prorsus</span> <span class='ocrx_word' id='word_1_3' title='bbox 340 551 454 614; x_wconf 87' lang='lat' dir='ltr'>inliceti</span> <span class='ocrx_word' id='word_1_4' title='bbox 481 562 511 614; x_wconf 89' lang='lat' dir='ltr'>et</span> <span class='ocrx_word' id='word_1_5' title='bbox 539 553 619 614; x_wconf 92' lang='lat' dir='ltr'>nullo</span> <span class='ocrx_word' id='word_1_6' title='bbox 647 553 734 618; x_wconf 81' lang='lat' dir='ltr'>moto</span> <span class='ocrx_word' id='word_1_7' title='bbox 762 553 877 614; x_wconf 83' lang='lat' dir='ltr'>serendi</span> <span class='ocrx_word' id='word_1_8' title='bbox 905 562 987 634; x_wconf 89' lang='lat' dir='ltr'>suut,</span> <span class='ocrx_word' id='word_1_9' title='bbox 1016 556 1041 614; x_wconf 92' lang='lat' dir='ltr'>si</span> <span class='ocrx_word' id='word_1_10' title='bbox 1065 573 1116 614; x_wconf 86' lang='lat' dir='ltr'>eos</span> <span class='ocrx_word' id='word_1_11' title='bbox 1139 554 1272 616; x_wconf 88' lang='lat' dir='ltr'>eiusdem</span> <span class='ocrx_word' id='word_1_12' title='bbox 1297 573 1362 614; x_wconf 91' lang='lat' dir='ltr'>car-</span> 
     </span>
     <span class='ocr_line' id='line_1_3' title="bbox 189 643 1371 732; baseline 0.003 -22"><span class='ocrx_word' id='word_1_13' title='bbox 189 652 279 710; x_wconf 86' lang='lat' dir='ltr'><strong>minis</strong></span> <span class='ocrx_word' id='word_1_14' title='bbox 307 668 372 710; x_wconf 89' lang='lat' dir='ltr'>esse</span> <span class='ocrx_word' id='word_1_15' title='bbox 401 652 495 732; x_wconf 87' lang='lat' dir='ltr'>dicas,</span> <span class='ocrx_word' id='word_1_16' title='bbox 523 655 554 713; x_wconf 93' lang='lat' dir='ltr'>io</span> <span class='ocrx_word' id='word_1_17' title='bbox 582 670 641 732; x_wconf 93' lang='lat' dir='ltr'>quo</span> <span class='ocrx_word' id='word_1_18' title='bbox 665 651 796 712; x_wconf 85' lang='lat' dir='ltr'>llinerra</span> <span class='ocrx_word' id='word_1_19' title='bbox 825 653 854 712; x_wconf 90' lang='lat' dir='ltr'>io</span> <span class='ocrx_word' id='word_1_20' title='bbox 883 651 964 714; x_wconf 87' lang='lat' dir='ltr'>caelo</span> <span class='ocrx_word' id='word_1_21' title='bbox 993 671 1060 713; x_wconf 90' lang='lat' dir='ltr'>cum</span> <span class='ocrx_word' id='word_1_22' title='bbox 1089 652 1201 714; x_wconf 90' lang='lat' dir='ltr'>lunone</span> <span class='ocrx_word' id='word_1_23' title='bbox 1233 643 1371 714; x_wconf 69' lang='lat' dir='ltr'>labulari⁴</span> 
     </span>
     <span class='ocr_line' id='line_1_4' title="bbox 189 747 1364 831; baseline 0.001 -23"><span class='ocrx_word' id='word_1_24' title='bbox 189 747 367 810; x_wconf 77' lang='lat' dir='ltr'>narrabatur</span> <span class='ocrx_word' id='word_1_25' title='bbox 391 749 422 809; x_wconf 83' lang='grc' dir='ltr'><em>Ε</em></span> <span class='ocrx_word' id='word_1_26' title='bbox 446 747 637 828; x_wconf 85' lang='grc'>418-431,</span> <span class='ocrx_word' id='word_1_27' title='bbox 665 750 717 810; x_wconf 89' lang='lat' dir='ltr'>sed</span> <span class='ocrx_word' id='word_1_28' title='bbox 746 749 907 810; x_wconf 77' lang='lat' dir='ltr'>faciliorem</span> <span class='ocrx_word' id='word_1_29' title='bbox 935 749 1113 830; x_wconf 83' lang='lat' dir='ltr'>explicatum</span> <span class='ocrx_word' id='word_1_30' title='bbox 1137 749 1309 831; x_wconf 88' lang='lat' dir='ltr'>admittunt,</span> <span class='ocrx_word' id='word_1_31' title='bbox 1338 752 1364 810; x_wconf 90' lang='lat' dir='ltr'>si</span> 
     </span>
     <span class='ocr_line' id='line_1_5' title="bbox 190 845 1363 928; baseline 0.001 -21"><span class='ocrx_word' id='word_1_32' title='bbox 190 846 260 908; x_wconf 89' lang='lat' dir='ltr'>inde</span> <span class='ocrx_word' id='word_1_33' title='bbox 290 865 305 908; x_wconf 90' lang='lat' dir='ltr'>a</span> <span class='ocrx_word' id='word_1_34' title='bbox 329 865 416 908; x_wconf 83' lang='lat' dir='ltr'>versu</span> <span class='ocrx_word' id='word_1_35' title='bbox 440 849 471 910; x_wconf 82' lang='grc' dir='ltr'><em>Ε</em></span> <span class='ocrx_word' id='word_1_36' title='bbox 492 845 558 910; x_wconf 82' lang='lat'>454</span> <span class='ocrx_word' id='word_1_37' title='bbox 582 848 628 908; x_wconf 85' lang='lat' dir='ltr'>rel</span> <span class='ocrx_word' id='word_1_38' title='bbox 652 851 750 928; x_wconf 91' lang='lat' dir='ltr'>potius</span> <span class='ocrx_word' id='word_1_39' title='bbox 774 847 805 910; x_wconf 83' lang='grc' dir='ltr'><em>Ε</em></span> <span class='ocrx_word' id='word_1_40' title='bbox 826 845 890 910; x_wconf 73' lang='grc' dir='ltr'>4Ἱ1</span> <span class='ocrx_word' id='word_1_41' title='bbox 915 867 1023 910; x_wconf 88' lang='lat' dir='ltr'>novum</span> <span class='ocrx_word' id='word_1_42' title='bbox 1046 847 1116 909; x_wconf 90' lang='lat' dir='ltr'>olim</span> <span class='ocrx_word' id='word_1_43' title='bbox 1140 865 1259 909; x_wconf 84' lang='lat' dir='ltr'>carmen</span> <span class='ocrx_word' id='word_1_44' title='bbox 1280 866 1363 909; x_wconf 84' lang='lat' dir='ltr'>exor-</span> 
     </span>
     <span class='ocr_line' id='line_1_6' title="bbox 192 935 1365 1026; baseline 0.001 -22"><span class='ocrx_word' id='word_1_45' title='bbox 192 963 259 1006; x_wconf 88' lang='lat' dir='ltr'>sum</span> <span class='ocrx_word' id='word_1_46' title='bbox 282 964 348 1005; x_wconf 89' lang='lat' dir='ltr'>esse</span> <span class='ocrx_word' id='word_1_47' title='bbox 368 947 518 1026; x_wconf 86' lang='lat' dir='ltr'>statueris,</span> <span class='ocrx_word' id='word_1_48' title='bbox 541 948 603 1007; x_wconf 87' lang='lat' dir='ltr'>sive</span> <span class='ocrx_word' id='word_1_49' title='bbox 623 948 680 1007; x_wconf 91' lang='lat' dir='ltr'>iam</span> <span class='ocrx_word' id='word_1_50' title='bbox 700 948 840 1026; x_wconf 86' lang='lat' dir='ltr'>antiquus</span> <span class='ocrx_word' id='word_1_51' title='bbox 859 954 963 1008; x_wconf 81' lang='lat' dir='ltr'>auctor</span> <span class='ocrx_word' id='word_1_52' title='bbox 983 939 1179 1026; x_wconf 76' lang='grc' dir='ltr'><strong><em>Διομήδους</em></strong></span> <span class='ocrx_word' id='word_1_53' title='bbox 1197 935 1365 1024; x_wconf 79' lang='grc' dir='ltr'><strong><em>ἀριστείας</em></strong></span> 
     </span>
     <span class='ocr_line' id='line_1_7' title="bbox 190 1043 1364 1124; baseline -0.002 -20"><span class='ocrx_word' id='word_1_54' title='bbox 190 1043 263 1104; x_wconf 88' lang='lat' dir='ltr'>binc</span> <span class='ocrx_word' id='word_1_55' title='bbox 291 1061 399 1104; x_wconf 89' lang='lat' dir='ltr'>norum</span> <span class='ocrx_word' id='word_1_56' title='bbox 428 1061 547 1104; x_wconf 87' lang='lat' dir='ltr'>carmen</span> <span class='ocrx_word' id='word_1_57' title='bbox 572 1045 705 1122; x_wconf 81' lang='lat' dir='ltr'>incipere</span> <span class='ocrx_word' id='word_1_58' title='bbox 729 1044 829 1123; x_wconf 86' lang='lat' dir='ltr'>voluit,</span> <span class='ocrx_word' id='word_1_59' title='bbox 854 1047 915 1104; x_wconf 89' lang='lat' dir='ltr'>sive</span> <span class='ocrx_word' id='word_1_60' title='bbox 939 1047 1088 1105; x_wconf 75' lang='lat' dir='ltr'>recentior</span> <span class='ocrx_word' id='word_1_61' title='bbox 1111 1053 1207 1124; x_wconf 87' lang='lat' dir='ltr'>poeta,</span> <span class='ocrx_word' id='word_1_62' title='bbox 1227 1046 1278 1124; x_wconf 90' lang='lat' dir='ltr'>qui</span> <span class='ocrx_word' id='word_1_63' title='bbox 1301 1062 1364 1104; x_wconf 89' lang='lat' dir='ltr'>oer-</span> 
     </span>
     <span class='ocr_line' id='line_1_8' title="bbox 191 1139 1365 1223; baseline 0.001 -22"><span class='ocrx_word' id='word_1_64' title='bbox 191 1151 292 1201; x_wconf 86' lang='lat' dir='ltr'>tamen</span> <span class='ocrx_word' id='word_1_65' title='bbox 321 1139 501 1219; x_wconf 85' lang='lat' dir='ltr'>Sarpedonis</span> <span class='ocrx_word' id='word_1_66' title='bbox 529 1149 559 1201; x_wconf 91' lang='lat' dir='ltr'>et</span> <span class='ocrx_word' id='word_1_67' title='bbox 587 1139 750 1220; x_wconf 82' lang='lat' dir='ltr'>Tlepolemi</span> <span class='ocrx_word' id='word_1_68' title='bbox 778 1145 918 1223; x_wconf 92' lang='lat' dir='ltr'>inseruit,</span> <span class='ocrx_word' id='word_1_69' title='bbox 946 1140 1157 1221; x_wconf 91' lang='lat' dir='ltr'>interpolatum</span> <span class='ocrx_word' id='word_1_70' title='bbox 1184 1149 1215 1202; x_wconf 87' lang='lat' dir='ltr'>et</span> <span class='ocrx_word' id='word_1_71' title='bbox 1243 1141 1365 1220; x_wconf 90' lang='lat' dir='ltr'>amplifi-</span> 
     </span>
     <span class='ocr_line' id='line_1_9' title="bbox 191 1239 1365 1321; baseline -0.001 -22"><span class='ocrx_word' id='word_1_72' title='bbox 191 1247 291 1300; x_wconf 87' lang='lat' dir='ltr'>catum</span> <span class='ocrx_word' id='word_1_73' title='bbox 311 1256 431 1300; x_wconf 86' lang='lat' dir='ltr'>carmen</span> <span class='ocrx_word' id='word_1_74' title='bbox 450 1247 550 1318; x_wconf 87' lang='lat' dir='ltr'>aptum</span> <span class='ocrx_word' id='word_1_75' title='bbox 570 1257 635 1300; x_wconf 85' lang='lat' dir='ltr'>esse</span> <span class='ocrx_word' id='word_1_76' title='bbox 655 1240 804 1321; x_wconf 87' lang='lat' dir='ltr'>iudicarit,</span> <span class='ocrx_word' id='word_1_77' title='bbox 823 1241 901 1320; x_wconf 92' lang='lat' dir='ltr'>quod</span> <span class='ocrx_word' id='word_1_78' title='bbox 921 1244 951 1301; x_wconf 93' lang='lat' dir='ltr'>in</span> <span class='ocrx_word' id='word_1_79' title='bbox 970 1239 1044 1300; x_wconf 92' lang='lat' dir='ltr'>duas</span> <span class='ocrx_word' id='word_1_80' title='bbox 1058 1248 1158 1318; x_wconf 89' lang='lat' dir='ltr'>partes</span> <span class='ocrx_word' id='word_1_81' title='bbox 1173 1239 1365 1306; x_wconf 86' lang='lat' dir='ltr'>divideretur.</span> 
     </span>
    </p>

    <p class='ocr_par' dir='ltr' id='par_1_3' title="bbox 192 1335 1368 2887">
     <span class='ocr_line' id='line_1_10' title="bbox 282 1335 1365 1418; baseline -0.001 -20"><span class='ocrx_word' id='word_1_82' title='bbox 282 1337 302 1414; x_wconf 67' lang='grc' dir='ltr'><strong>ἕ</strong></span> <span class='ocrx_word' id='word_1_83' title='bbox 332 1335 359 1398; x_wconf 76' lang='lat' dir='ltr'>l.</span> <span class='ocrx_word' id='word_1_84' title='bbox 406 1337 502 1398; x_wconf 88' lang='lat' dir='ltr'>Etiam</span> <span class='ocrx_word' id='word_1_85' title='bbox 530 1337 648 1418; x_wconf 82' lang='lat' dir='ltr'>longius</span> <span class='ocrx_word' id='word_1_86' title='bbox 671 1357 724 1418; x_wconf 80' lang='lat' dir='ltr'>ego</span> <span class='ocrx_word' id='word_1_87' title='bbox 748 1355 926 1418; x_wconf 80' lang='lat' dir='ltr'>progressos</span> <span class='ocrx_word' id='word_1_88' title='bbox 948 1338 1058 1400; x_wconf 89' lang='lat' dir='ltr'>librum</span> <span class='ocrx_word' id='word_1_89' title='bbox 1081 1341 1210 1416; x_wconf 90' lang='lat' dir='ltr'>primum</span> <span class='ocrx_word' id='word_1_90' title='bbox 1234 1345 1264 1398; x_wconf 87' lang='lat' dir='ltr'>et</span> <span class='ocrx_word' id='word_1_91' title='bbox 1287 1338 1365 1398; x_wconf 86' lang='lat' dir='ltr'>deci·</span> 
     </span>
     <span class='ocr_line' id='line_1_11' title="bbox 192 1435 1365 1515; baseline 0 -19"><span class='ocrx_word' id='word_1_92' title='bbox 192 1454 276 1498; x_wconf 88' lang='lat' dir='ltr'>mum</span> <span class='ocrx_word' id='word_1_93' title='bbox 299 1438 436 1515; x_wconf 85' lang='lat' dir='ltr'>quintum</span> <span class='ocrx_word' id='word_1_94' title='bbox 459 1439 490 1496; x_wconf 88' lang='lat' dir='ltr'>in</span> <span class='ocrx_word' id='word_1_95' title='bbox 514 1435 582 1498; x_wconf 85' lang='lat' dir='ltr'>bina</span> <span class='ocrx_word' id='word_1_96' title='bbox 606 1439 735 1498; x_wconf 86' lang='lat' dir='ltr'>carmina</span> <span class='ocrx_word' id='word_1_97' title='bbox 759 1437 845 1498; x_wconf 87' lang='lat' dir='ltr'>dirisi</span> <span class='ocrx_word' id='word_1_98' title='bbox 868 1445 898 1498; x_wconf 91' lang='lat' dir='ltr'>et</span> <span class='ocrx_word' id='word_1_99' title='bbox 921 1437 990 1498; x_wconf 90' lang='lat' dir='ltr'>libri</span> <span class='ocrx_word' id='word_1_100' title='bbox 1013 1437 1120 1498; x_wconf 88' lang='lat' dir='ltr'>decimi</span> <span class='ocrx_word' id='word_1_101' title='bbox 1144 1438 1220 1497; x_wconf 84' lang='lat' dir='ltr'>serti</span> <span class='ocrx_word' id='word_1_102' title='bbox 1238 1435 1365 1496; x_wconf 83' lang='lat' dir='ltr'>tabulam</span> 
     </span>
     <span class='ocr_line' id='line_1_12' title="bbox 194 1527 1367 1618; baseline -0.002 -22"><span class='ocrx_word' id='word_1_103' title='bbox 194 1534 375 1613; x_wconf 82' lang='lat' dir='ltr'>Sarpedonis</span> <span class='ocrx_word' id='word_1_104' title='bbox 403 1553 419 1595; x_wconf 92' lang='lat' dir='ltr'>a</span> <span class='ocrx_word' id='word_1_105' title='bbox 442 1531 577 1596; x_wconf 87' lang='lat' dir='ltr'>Patroclo</span> <span class='ocrx_word' id='word_1_106' title='bbox 605 1536 755 1598; x_wconf 87' lang='lat' dir='ltr'>interlecti</span> <span class='ocrx_word' id='word_1_107' title='bbox 778 1531 831 1618; x_wconf 86' lang='lat' dir='ltr'>(H</span> <span class='ocrx_word' id='word_1_108' title='bbox 849 1527 1042 1618; x_wconf 77' lang='lat'>419-697)</span> <span class='ocrx_word' id='word_1_109' title='bbox 1070 1534 1218 1614; x_wconf 83' lang='lat' dir='ltr'>peculiare</span> <span class='ocrx_word' id='word_1_110' title='bbox 1246 1551 1367 1596; x_wconf 89' lang='lat' dir='ltr'>carmen</span> 
     </span>
     <span class='ocr_line' id='line_1_13' title="bbox 192 1631 1366 1713; baseline 0 -21"><span class='ocrx_word' id='word_1_111' title='bbox 192 1631 312 1692; x_wconf 81' lang='lat' dir='ltr'>allicere</span> <span class='ocrx_word' id='word_1_112' title='bbox 346 1631 433 1692; x_wconf 91' lang='lat' dir='ltr'>rolui.</span> <span class='ocrx_word' id='word_1_113' title='bbox 479 1635 580 1712; x_wconf 78' lang='lat' dir='ltr'>Atque·</span> <span class='ocrx_word' id='word_1_114' title='bbox 608 1633 687 1712; x_wconf 93' lang='lat' dir='ltr'>quod</span> <span class='ocrx_word' id='word_1_115' title='bbox 720 1633 828 1696; x_wconf 94' lang='lat' dir='ltr'>librum</span> <span class='ocrx_word' id='word_1_116' title='bbox 862 1635 1008 1695; x_wconf 85' lang='lat' dir='ltr'>decimum</span> <span class='ocrx_word' id='word_1_117' title='bbox 1038 1637 1175 1713; x_wconf 92' lang='lat' dir='ltr'>quintum</span> <span class='ocrx_word' id='word_1_118' title='bbox 1202 1634 1366 1712; x_wconf 84' lang='lat' dir='ltr'>divisimus,</span> 
     </span>
     <span class='ocr_line' id='line_1_14' title="bbox 193 1729 1365 1810; baseline -0.001 -20"><span class='ocrx_word' id='word_1_119' title='bbox 193 1747 281 1792; x_wconf 86' lang='lat' dir='ltr'>nemo</span> <span class='ocrx_word' id='word_1_120' title='bbox 322 1747 382 1791; x_wconf 94' lang='lat' dir='ltr'>non</span> <span class='ocrx_word' id='word_1_121' title='bbox 423 1729 579 1810; x_wconf 84' lang='lat' dir='ltr'>probabit,</span> <span class='ocrx_word' id='word_1_122' title='bbox 621 1733 679 1791; x_wconf 92' lang='lat' dir='ltr'>nisi</span> <span class='ocrx_word' id='word_1_123' title='bbox 720 1734 772 1810; x_wconf 92' lang='lat' dir='ltr'>qui</span> <span class='ocrx_word' id='word_1_124' title='bbox 813 1735 981 1793; x_wconf 86' lang='lat' dir='ltr'>universam</span> <span class='ocrx_word' id='word_1_125' title='bbox 1019 1732 1094 1792; x_wconf 89' lang='lat' dir='ltr'>hanc</span> <span class='ocrx_word' id='word_1_126' title='bbox 1131 1739 1246 1809; x_wconf 87' lang='lat' dir='ltr'>partem</span> <span class='ocrx_word' id='word_1_127' title='bbox 1284 1747 1365 1790; x_wconf 87' lang='lat' dir='ltr'>meae</span> 
     </span>
     <span class='ocr_line' id='line_1_15' title="bbox 193 1819 1367 1908; baseline 0 -21"><span class='ocrx_word' id='word_1_128' title='bbox 193 1845 301 1906; x_wconf 86' lang='lat' dir='ltr'>operae</span> <span class='ocrx_word' id='word_1_129' title='bbox 323 1826 480 1906; x_wconf 90' lang='lat' dir='ltr'>improbat.</span> <span class='ocrx_word' id='word_1_130' title='bbox 518 1827 652 1907; x_wconf 86' lang='lat' dir='ltr'>Namque</span> <span class='ocrx_word' id='word_1_131' title='bbox 675 1831 705 1890; x_wconf 92' lang='lat' dir='ltr'>in</span> <span class='ocrx_word' id='word_1_132' title='bbox 729 1831 826 1892; x_wconf 87' lang='lat' dir='ltr'>medio</span> <span class='ocrx_word' id='word_1_133' title='bbox 849 1829 900 1892; x_wconf 89' lang='lat' dir='ltr'>illo</span> <span class='ocrx_word' id='word_1_134' title='bbox 924 1829 1000 1891; x_wconf 92' lang='lat' dir='ltr'>libro</span> <span class='ocrx_word' id='word_1_135' title='bbox 1024 1845 1153 1907; x_wconf 88' lang='lat' dir='ltr'>carmen,</span> <span class='ocrx_word' id='word_1_136' title='bbox 1177 1827 1256 1908; x_wconf 92' lang='lat' dir='ltr'>quod</span> <span class='ocrx_word' id='word_1_137' title='bbox 1281 1819 1367 1898; x_wconf 84' lang='grc' dir='ltr'><strong><em>Διὸς</em></strong></span> 
     </span>
     <span class='ocr_line' id='line_1_16' title="bbox 192 1915 1365 2009; baseline 0.002 -25"><span class='ocrx_word' id='word_1_138' title='bbox 192 1915 324 2004; x_wconf 77' lang='grc' dir='ltr'><strong><em>ἀπάτην</em></strong></span> <span class='ocrx_word' id='word_1_139' title='bbox 351 1924 427 1985; x_wconf 84' lang='lat' dir='ltr'>bene</span> <span class='ocrx_word' id='word_1_140' title='bbox 455 1928 685 2006; x_wconf 86' lang='lat' dir='ltr'>inscripserunt,</span> <span class='ocrx_word' id='word_1_141' title='bbox 713 1928 828 2009; x_wconf 87' lang='lat' dir='ltr'>linitur,</span> <span class='ocrx_word' id='word_1_142' title='bbox 859 1931 945 1990; x_wconf 88' lang='lat' dir='ltr'>cuius</span> <span class='ocrx_word' id='word_1_143' title='bbox 969 1929 1043 1988; x_wconf 89' lang='lat' dir='ltr'>lines</span> <span class='ocrx_word' id='word_1_144' title='bbox 1066 1929 1167 1988; x_wconf 90' lang='lat' dir='ltr'>nescio</span> <span class='ocrx_word' id='word_1_145' title='bbox 1191 1945 1228 1986; x_wconf 89' lang='lat' dir='ltr'>an</span> <span class='ocrx_word' id='word_1_146' title='bbox 1252 1927 1365 1986; x_wconf 88' lang='lat' dir='ltr'>certius</span> 
     </span>
     <span class='ocr_line' id='line_1_17' title="bbox 194 2022 1363 2105; baseline -0.003 -21"><span class='ocrx_word' id='word_1_147' title='bbox 194 2039 283 2101; x_wconf 88' lang='lat' dir='ltr'>quaro</span> <span class='ocrx_word' id='word_1_148' title='bbox 315 2022 404 2086; x_wconf 89' lang='lat' dir='ltr'>ullius</span> <span class='ocrx_word' id='word_1_149' title='bbox 436 2023 512 2084; x_wconf 90' lang='lat' dir='ltr'>alius</span> <span class='ocrx_word' id='word_1_150' title='bbox 543 2027 684 2086; x_wconf 86' lang='lat' dir='ltr'>carminis</span> <span class='ocrx_word' id='word_1_151' title='bbox 717 2026 797 2088; x_wconf 88' lang='lat' dir='ltr'>lliaci</span> <span class='ocrx_word' id='word_1_152' title='bbox 830 2027 948 2087; x_wconf 88' lang='lat' dir='ltr'>deliniri</span> <span class='ocrx_word' id='word_1_153' title='bbox 980 2027 1103 2105; x_wconf 89' lang='lat' dir='ltr'>possint.</span> <span class='ocrx_word' id='word_1_154' title='bbox 1150 2023 1258 2102; x_wconf 87' lang='lat' dir='ltr'>incipit</span> <span class='ocrx_word' id='word_1_155' title='bbox 1286 2025 1363 2082; x_wconf 86' lang='lat' dir='ltr'>enim</span> 
     </span>
     <span class='ocr_line' id='line_1_18' title="bbox 193 2111 1367 2206; baseline 0.001 -26"><span class='ocrx_word' id='word_1_156' title='bbox 193 2117 267 2180; x_wconf 90' lang='lat' dir='ltr'>illud</span> <span class='ocrx_word' id='word_1_157' title='bbox 290 2139 306 2180; x_wconf 86' lang='lat' dir='ltr'>a</span> <span class='ocrx_word' id='word_1_158' title='bbox 331 2139 418 2181; x_wconf 87' lang='lat' dir='ltr'>rcrsu</span> <span class='ocrx_word' id='word_1_159' title='bbox 433 2111 519 2202; x_wconf 86' lang='grc' dir='ltr'>Ἥρη</span> <span class='ocrx_word' id='word_1_160' title='bbox 544 2113 575 2182; x_wconf 89' lang='lat' dir='ltr'>d&#39;</span> <span class='ocrx_word' id='word_1_161' title='bbox 602 2119 742 2184; x_wconf 70' lang='grc' dir='ltr'><strong><em>είσίίιάι</em></strong></span> <span class='ocrx_word' id='word_1_162' title='bbox 765 2116 998 2206; x_wconf 78' lang='grc' dir='ltr'><strong><em>χρυσόθρονος</em></strong></span> <span class='ocrx_word' id='word_1_163' title='bbox 1021 2114 1229 2202; x_wconf 79' lang='grc' dir='ltr'><strong><em>ὀφθαλμοῖσι</em></strong></span> <span class='ocrx_word' id='word_1_164' title='bbox 1252 2117 1282 2189; x_wconf 80' lang='grc' dir='ltr'><em>Ξ</em></span> <span class='ocrx_word' id='word_1_165' title='bbox 1306 2117 1367 2182; x_wconf 83' lang='grc'>153</span> 
     </span>
     <span class='ocr_line' id='line_1_19' title="bbox 194 2209 1368 2302; baseline 0 -24"><span class='ocrx_word' id='word_1_166' title='bbox 194 2226 225 2278; x_wconf 86' lang='lat' dir='ltr'>et</span> <span class='ocrx_word' id='word_1_167' title='bbox 254 2220 417 2298; x_wconf 82' lang='lat' dir='ltr'>porrigitur</span> <span class='ocrx_word' id='word_1_168' title='bbox 444 2237 540 2298; x_wconf 89' lang='lat' dir='ltr'>usque</span> <span class='ocrx_word' id='word_1_169' title='bbox 568 2221 603 2280; x_wconf 90' lang='lat' dir='ltr'>ad</span> <span class='ocrx_word' id='word_1_170' title='bbox 634 2221 662 2281; x_wconf 92' lang='lat'><em>0</em></span> <span class='ocrx_word' id='word_1_171' title='bbox 690 2218 754 2282; x_wconf 84' lang='lat'>366</span> <span class='ocrx_word' id='word_1_172' title='bbox 782 2214 946 2302; x_wconf 74' lang='grc' dir='ltr'><strong><em>σύγχείας</em></strong></span> <span class='ocrx_word' id='word_1_173' title='bbox 970 2211 1143 2302; x_wconf 74' lang='grc' dir='ltr'><strong><em>Ἀργείων,</em></strong></span> <span class='ocrx_word' id='word_1_174' title='bbox 1172 2209 1302 2280; x_wconf 77' lang='grc' dir='ltr'><strong><em>αὐτοῖσι</em></strong></span> <span class='ocrx_word' id='word_1_175' title='bbox 1331 2211 1368 2280; x_wconf 76' lang='lat' dir='ltr'>db</span> 
     </span>
     <span class='ocr_line' id='line_1_20' title="bbox 195 2311 1367 2398; baseline 0 -20"><span class='ocrx_word' id='word_1_176' title='bbox 195 2311 306 2396; x_wconf 75' lang='grc' dir='ltr'><strong><em>φύζαν</em></strong></span> <span class='ocrx_word' id='word_1_177' title='bbox 335 2313 498 2396; x_wconf 77' lang='grc' dir='ltr'><strong><em>ἐνῶρσας,</em></strong></span> <span class='ocrx_word' id='word_1_178' title='bbox 528 2319 614 2380; x_wconf 90' lang='lat' dir='ltr'>cuius</span> <span class='ocrx_word' id='word_1_179' title='bbox 642 2321 687 2378; x_wconf 86' lang='lat' dir='ltr'>rei</span> <span class='ocrx_word' id='word_1_180' title='bbox 710 2318 975 2398; x_wconf 87' lang='lat' dir='ltr'>locupletissimum</span> <span class='ocrx_word' id='word_1_181' title='bbox 999 2327 1105 2381; x_wconf 86' lang='lat' dir='ltr'>testem</span> <span class='ocrx_word' id='word_1_182' title='bbox 1129 2325 1246 2398; x_wconf 87' lang='lat' dir='ltr'>poetam</span> <span class='ocrx_word' id='word_1_183' title='bbox 1270 2320 1367 2395; x_wconf 87' lang='lat' dir='ltr'>ipsum</span> 
     </span>
     <span class='ocr_line' id='line_1_21' title="bbox 195 2401 1367 2499; baseline 0 -23"><span class='ocrx_word' id='word_1_184' title='bbox 195 2413 342 2494; x_wconf 87' lang='lat' dir='ltr'>produco,</span> <span class='ocrx_word' id='word_1_185' title='bbox 374 2415 484 2492; x_wconf 86' lang='lat' dir='ltr'>quippe</span> <span class='ocrx_word' id='word_1_186' title='bbox 518 2417 569 2492; x_wconf 93' lang='lat' dir='ltr'>qui</span> <span class='ocrx_word' id='word_1_187' title='bbox 600 2415 698 2478; x_wconf 82' lang='lat' dir='ltr'>loram</span> <span class='ocrx_word' id='word_1_188' title='bbox 731 2417 829 2478; x_wconf 88' lang='lat' dir='ltr'>verbis</span> <span class='ocrx_word' id='word_1_189' title='bbox 857 2409 963 2499; x_wconf 77' lang='grc' dir='ltr'><strong><em>αὐτὰρ</em></strong></span> <span class='ocrx_word' id='word_1_190' title='bbox 988 2408 1140 2499; x_wconf 76' lang='grc' dir='ltr'><strong><em>Ἀχαιοὺς</em></strong></span> <span class='ocrx_word' id='word_1_191' title='bbox 1168 2401 1261 2488; x_wconf 82' lang='grc' dir='ltr'><strong><em>αὖτις</em></strong></span> <span class='ocrx_word' id='word_1_192' title='bbox 1288 2406 1367 2476; x_wconf 72' lang='grc' dir='ltr'><strong><em>ἀνιο-</em></strong></span> 
     </span>
     <span class='ocr_line' id='line_1_22' title="bbox 195 2503 1368 2596; baseline -0.001 -23"><span class='ocrx_word' id='word_1_193' title='bbox 195 2507 377 2593; x_wconf 74' lang='grc' dir='ltr'><strong><em>στρέψφσιν</em></strong></span> <span class='ocrx_word' id='word_1_194' title='bbox 402 2503 566 2574; x_wconf 76' lang='grc' dir='ltr'><strong><em>ἀνάλκιδα</em></strong></span> <span class='ocrx_word' id='word_1_195' title='bbox 589 2507 697 2592; x_wconf 84' lang='grc' dir='ltr'><strong><em>φύζαν</em></strong></span> <span class='ocrx_word' id='word_1_196' title='bbox 721 2508 863 2596; x_wconf 83' lang='grc' dir='ltr'><strong><em>ἐνόρσας</em></strong></span> <span class='ocrx_word' id='word_1_197' title='bbox 882 2509 926 2595; x_wconf 90' lang='lat'>(0</span> <span class='ocrx_word' id='word_1_198' title='bbox 949 2507 1007 2596; x_wconf 83' lang='lat'>62)</span> <span class='ocrx_word' id='word_1_199' title='bbox 1031 2513 1088 2574; x_wconf 92' lang='lat' dir='ltr'>boc</span> <span class='ocrx_word' id='word_1_200' title='bbox 1112 2515 1210 2592; x_wconf 90' lang='lat' dir='ltr'>ipsum</span> <span class='ocrx_word' id='word_1_201' title='bbox 1238 2511 1368 2591; x_wconf 76' lang='lat' dir='ltr'>Apollini</span> 
     </span>
     <span class='ocr_line' id='line_1_23' title="bbox 195 2609 1367 2692; baseline -0.002 -20"><span class='ocrx_word' id='word_1_202' title='bbox 195 2621 346 2689; x_wconf 85' lang='lat' dir='ltr'>tamquam</span> <span class='ocrx_word' id='word_1_203' title='bbox 370 2627 520 2670; x_wconf 91' lang='lat' dir='ltr'>summum</span> <span class='ocrx_word' id='word_1_204' title='bbox 542 2613 738 2691; x_wconf 87' lang='lat' dir='ltr'>imperantem</span> <span class='ocrx_word' id='word_1_205' title='bbox 762 2613 874 2674; x_wconf 87' lang='lat' dir='ltr'>lecerit.</span> <span class='ocrx_word' id='word_1_206' title='bbox 911 2612 1014 2692; x_wconf 88' lang='lat' dir='ltr'>Neque</span> <span class='ocrx_word' id='word_1_207' title='bbox 1033 2611 1115 2691; x_wconf 88' lang='lat' dir='ltr'>illud,</span> <span class='ocrx_word' id='word_1_208' title='bbox 1140 2609 1218 2690; x_wconf 91' lang='lat' dir='ltr'>quod</span> <span class='ocrx_word' id='word_1_209' title='bbox 1239 2627 1367 2688; x_wconf 82' lang='lat' dir='ltr'>pugnam</span> 
     </span>
     <span class='ocr_line' id='line_1_24' title="bbox 196 2703 1368 2790; baseline -0.002 -22"><span class='ocrx_word' id='word_1_210' title='bbox 196 2707 325 2768; x_wconf 87' lang='lat' dir='ltr'>Patrocli</span> <span class='ocrx_word' id='word_1_211' title='bbox 348 2715 378 2768; x_wconf 86' lang='lat' dir='ltr'>et</span> <span class='ocrx_word' id='word_1_212' title='bbox 396 2707 576 2786; x_wconf 86' lang='lat' dir='ltr'>Sarpedonis</span> <span class='ocrx_word' id='word_1_213' title='bbox 595 2709 631 2770; x_wconf 89' lang='grc' dir='ltr'><em>Π</em></span> <span class='ocrx_word' id='word_1_214' title='bbox 646 2703 822 2772; x_wconf 84' lang='grc'><strong>419-697</strong></span> <span class='ocrx_word' id='word_1_215' title='bbox 847 2729 862 2771; x_wconf 92' lang='lat' dir='ltr'>a</span> <span class='ocrx_word' id='word_1_216' title='bbox 886 2709 1001 2790; x_wconf 90' lang='lat' dir='ltr'>reliquo</span> <span class='ocrx_word' id='word_1_217' title='bbox 1024 2708 1100 2769; x_wconf 93' lang='lat' dir='ltr'>libro</span> <span class='ocrx_word' id='word_1_218' title='bbox 1120 2711 1262 2787; x_wconf 87' lang='lat' dir='ltr'>separari,</span> <span class='ocrx_word' id='word_1_219' title='bbox 1281 2724 1368 2785; x_wconf 80' lang='lat' dir='ltr'>aegre</span> 
     </span>
     <span class='ocr_line' id='line_1_25' title="bbox 195 2805 1368 2887; baseline 0 -21"><span class='ocrx_word' id='word_1_220' title='bbox 195 2805 304 2885; x_wconf 78' lang='lat' dir='ltr'>ferent,</span> <span class='ocrx_word' id='word_1_221' title='bbox 322 2805 447 2884; x_wconf 90' lang='lat' dir='ltr'>quibos</span> <span class='ocrx_word' id='word_1_222' title='bbox 466 2823 570 2868; x_wconf 83' lang='lat' dir='ltr'>versus</span> <span class='ocrx_word' id='word_1_223' title='bbox 589 2825 648 2869; x_wconf 92' lang='lat' dir='ltr'>non</span> <span class='ocrx_word' id='word_1_224' title='bbox 667 2809 760 2886; x_wconf 78' lang='lat' dir='ltr'>magis</span> <span class='ocrx_word' id='word_1_225' title='bbox 779 2810 831 2887; x_wconf 95' lang='lat' dir='ltr'>qui</span> <span class='ocrx_word' id='word_1_226' title='bbox 850 2810 983 2886; x_wconf 87' lang='lat' dir='ltr'>seorsim,</span> <span class='ocrx_word' id='word_1_227' title='bbox 1008 2825 1095 2886; x_wconf 92' lang='lat' dir='ltr'>quam</span> <span class='ocrx_word' id='word_1_228' title='bbox 1116 2809 1167 2886; x_wconf 86' lang='lat' dir='ltr'>qui</span> <span class='ocrx_word' id='word_1_229' title='bbox 1186 2808 1368 2867; x_wconf 84' lang='lat' dir='ltr'>coniunctim</span> 
     </span>
    </p>
   </div>
   <div class='ocr_carea' id='block_1_3' title="bbox 194 2902 1472 2983">
    <p class='ocr_par' dir='ltr' id='par_1_4' title="bbox 194 2902 1472 2983">
     <span class='ocr_line' id='line_1_26' title="bbox 194 2902 1472 2983; baseline -0.002 -19"><span class='ocrx_word' id='word_1_230' title='bbox 194 2921 266 2964; x_wconf 85' lang='lat' dir='ltr'>cum</span> <span class='ocrx_word' id='word_1_231' title='bbox 298 2902 412 2982; x_wconf 88' lang='lat' dir='ltr'>reliqua</span> <span class='ocrx_word' id='word_1_232' title='bbox 442 2902 594 2966; x_wconf 82' lang='lat' dir='ltr'>Patroclon</span> <span class='ocrx_word' id='word_1_233' title='bbox 627 2907 792 2966; x_wconf 90' lang='lat' dir='ltr'>recitentur</span> <span class='ocrx_word' id='word_1_234' title='bbox 823 2913 908 2983; x_wconf 88' lang='lat' dir='ltr'>aptos</span> <span class='ocrx_word' id='word_1_235' title='bbox 940 2923 1005 2965; x_wconf 86' lang='lat' dir='ltr'>esse</span> <span class='ocrx_word' id='word_1_236' title='bbox 1038 2903 1210 2981; x_wconf 84' lang='lat' dir='ltr'>intellegent</span> <span class='ocrx_word' id='word_1_237' title='bbox 1242 2909 1272 2962; x_wconf 89' lang='lat' dir='ltr'>et</span> <span class='ocrx_word' id='word_1_238' title='bbox 1300 2921 1368 2964; x_wconf 89' lang='lat' dir='ltr'>con·</span> <span class='ocrx_word' id='word_1_239' title='bbox 1469 2971 1472 2977; x_wconf 52' lang='lat'>.</span> 
     </span>
    </p>
   </div>
   <div class='ocr_carea' id='block_1_4' title="bbox 194 2995 1373 4550">
    <p class='ocr_par' dir='ltr' id='par_1_5' title="bbox 194 2995 1369 3277">
     <span class='ocr_line' id='line_1_27' title="bbox 194 2995 1369 3084; baseline -0.002 -22"><span class='ocrx_word' id='word_1_240' title='bbox 194 3019 334 3080; x_wconf 80' lang='lat' dir='ltr'>gressum</span> <span class='ocrx_word' id='word_1_241' title='bbox 362 3000 512 3062; x_wconf 86' lang='lat' dir='ltr'>Diomedis</span> <span class='ocrx_word' id='word_1_242' title='bbox 541 3010 571 3062; x_wconf 88' lang='lat' dir='ltr'>et</span> <span class='ocrx_word' id='word_1_243' title='bbox 598 3001 701 3064; x_wconf 83' lang='lat' dir='ltr'>Glauci</span> <span class='ocrx_word' id='word_1_244' title='bbox 729 2999 771 3078; x_wconf 84' lang='lat' dir='ltr'>(Z</span> <span class='ocrx_word' id='word_1_245' title='bbox 797 2995 999 3084; x_wconf 80' lang='lat' dir='ltr'>lte-236),</span> <span class='ocrx_word' id='word_1_246' title='bbox 1028 3003 1079 3082; x_wconf 94' lang='lat' dir='ltr'>qui</span> <span class='ocrx_word' id='word_1_247' title='bbox 1103 3019 1171 3062; x_wconf 89' lang='lat' dir='ltr'>cum</span> <span class='ocrx_word' id='word_1_248' title='bbox 1194 3019 1294 3080; x_wconf 81' lang='lat' dir='ltr'>pugna</span> <span class='ocrx_word' id='word_1_249' title='bbox 1316 2999 1369 3061; x_wconf 92' lang='lat' dir='ltr'>Pa-</span> 
     </span>
     <span class='ocr_line' id='line_1_28' title="bbox 195 3093 1369 3183; baseline -0.002 -23"><span class='ocrx_word' id='word_1_250' title='bbox 195 3098 286 3162; x_wconf 85' lang='lat' dir='ltr'>trocli</span> <span class='ocrx_word' id='word_1_251' title='bbox 308 3109 339 3160; x_wconf 86' lang='lat' dir='ltr'>et</span> <span class='ocrx_word' id='word_1_252' title='bbox 362 3098 524 3178; x_wconf 88' lang='lat' dir='ltr'>Tlepolemi</span> <span class='ocrx_word' id='word_1_253' title='bbox 547 3093 595 3183; x_wconf 88' lang='grc' dir='ltr'>(Ε</span> <span class='ocrx_word' id='word_1_254' title='bbox 616 3096 806 3180; x_wconf 73' lang='lat' dir='ltr'>eat—698)</span> <span class='ocrx_word' id='word_1_255' title='bbox 830 3100 937 3160; x_wconf 83' lang='lat' dir='ltr'>ethan</span> <span class='ocrx_word' id='word_1_256' title='bbox 960 3107 1043 3178; x_wconf 86' lang='lat' dir='ltr'>parte</span> <span class='ocrx_word' id='word_1_257' title='bbox 1067 3098 1236 3160; x_wconf 88' lang='lat' dir='ltr'>Patrocleae</span> <span class='ocrx_word' id='word_1_258' title='bbox 1260 3100 1369 3160; x_wconf 91' lang='lat' dir='ltr'>mirum</span> 
     </span>
     <span class='ocr_line' id='line_1_29' title="bbox 195 3196 1196 3277; baseline 0 -19"><span class='ocrx_word' id='word_1_259' title='bbox 195 3203 343 3277; x_wconf 88' lang='lat' dir='ltr'>qnantum</span> <span class='ocrx_word' id='word_1_260' title='bbox 367 3199 513 3276; x_wconf 80' lang='lat' dir='ltr'>congruit,</span> <span class='ocrx_word' id='word_1_261' title='bbox 537 3200 662 3260; x_wconf 85' lang='lat' dir='ltr'>seorsim</span> <span class='ocrx_word' id='word_1_262' title='bbox 686 3207 836 3260; x_wconf 87' lang='lat' dir='ltr'>cantatum</span> <span class='ocrx_word' id='word_1_263' title='bbox 860 3216 926 3258; x_wconf 87' lang='lat' dir='ltr'>esse</span> <span class='ocrx_word' id='word_1_264' title='bbox 950 3196 1196 3259; x_wconf 88' lang='lat' dir='ltr'>recordabuntur.</span> 
     </span>
    </p>

    <p class='ocr_par' dir='ltr' id='par_1_6' title="bbox 195 3293 1370 3571">
     <span class='ocr_line' id='line_1_30' title="bbox 287 3293 1370 3375; baseline -0.001 -20"><span class='ocrx_word' id='word_1_265' title='bbox 287 3293 420 3373; x_wconf 88' lang='lat' dir='ltr'>Denique</span> <span class='ocrx_word' id='word_1_266' title='bbox 443 3296 573 3374; x_wconf 88' lang='lat' dir='ltr'>primum</span> <span class='ocrx_word' id='word_1_267' title='bbox 592 3314 710 3375; x_wconf 88' lang='lat' dir='ltr'>quoque</span> <span class='ocrx_word' id='word_1_268' title='bbox 734 3297 842 3358; x_wconf 91' lang='lat' dir='ltr'>librum</span> <span class='ocrx_word' id='word_1_269' title='bbox 866 3304 900 3357; x_wconf 91' lang='lat' dir='ltr'>ut</span> <span class='ocrx_word' id='word_1_270' title='bbox 920 3297 951 3355; x_wconf 93' lang='lat' dir='ltr'>in</span> <span class='ocrx_word' id='word_1_271' title='bbox 970 3295 1029 3356; x_wconf 90' lang='lat' dir='ltr'>duo</span> <span class='ocrx_word' id='word_1_272' title='bbox 1048 3297 1177 3356; x_wconf 87' lang='lat' dir='ltr'>carmina</span> <span class='ocrx_word' id='word_1_273' title='bbox 1197 3294 1370 3372; x_wconf 88' lang='lat' dir='ltr'>dividerem,</span> 
     </span>
     <span class='ocr_line' id='line_1_31' title="bbox 195 3391 1369 3474; baseline -0.003 -18"><span class='ocrx_word' id='word_1_274' title='bbox 195 3393 403 3474; x_wconf 88' lang='lat' dir='ltr'>compluribus</span> <span class='ocrx_word' id='word_1_275' title='bbox 426 3395 524 3454; x_wconf 87' lang='lat' dir='ltr'>causis</span> <span class='ocrx_word' id='word_1_276' title='bbox 543 3393 689 3456; x_wconf 88' lang='lat' dir='ltr'>adductus</span> <span class='ocrx_word' id='word_1_277' title='bbox 708 3413 782 3456; x_wconf 91' lang='lat' dir='ltr'>sum.</span> <span class='ocrx_word' id='word_1_278' title='bbox 819 3394 915 3473; x_wconf 79' lang='lat' dir='ltr'>Atque</span> <span class='ocrx_word' id='word_1_279' title='bbox 934 3392 1006 3454; x_wconf 91' lang='lat' dir='ltr'>illud</span> <span class='ocrx_word' id='word_1_280' title='bbox 1026 3393 1145 3472; x_wconf 89' lang='lat' dir='ltr'>quidem</span> <span class='ocrx_word' id='word_1_281' title='bbox 1164 3409 1223 3452; x_wconf 92' lang='lat' dir='ltr'>non</span> <span class='ocrx_word' id='word_1_282' title='bbox 1243 3391 1369 3452; x_wconf 88' lang='lat' dir='ltr'>multum</span> 
     </span>
     <span class='ocr_line' id='line_1_32' title="bbox 196 3488 873 3571; baseline 0.003 -21"><span class='ocrx_word' id='word_1_283' title='bbox 196 3492 295 3553; x_wconf 85' lang='lat' dir='ltr'>velere</span> <span class='ocrx_word' id='word_1_284' title='bbox 319 3499 400 3571; x_wconf 89' lang='lat' dir='ltr'>puto,</span> <span class='ocrx_word' id='word_1_285' title='bbox 424 3491 504 3570; x_wconf 94' lang='lat' dir='ltr'>quod</span> <span class='ocrx_word' id='word_1_286' title='bbox 527 3491 662 3553; x_wconf 83' lang='lat' dir='ltr'>versibus</span> <span class='ocrx_word' id='word_1_287' title='bbox 686 3495 717 3554; x_wconf 84' lang='grc' dir='ltr'><em>Α</em></span> <span class='ocrx_word' id='word_1_288' title='bbox 740 3488 873 3554; x_wconf 72' lang='lat' dir='ltr'>eut-5</span> 
     </span>
    </p>

    <p class='ocr_par' dir='ltr' id='par_1_7' title="bbox 310 3579 1126 3670">
     <span class='ocr_line' id='line_1_33' title="bbox 310 3579 1126 3670; baseline -0.004 -20"><span class='ocrx_word' id='word_1_289' title='bbox 310 3579 355 3662; x_wconf 72' lang='lat' dir='ltr'>o‘r&#39;q</span> <span class='ocrx_word' id='word_1_290' title='bbox 377 3581 424 3652; x_wconf 78' lang='grc' dir='ltr'>τοί</span> <span class='ocrx_word' id='word_1_291' title='bbox 447 3579 479 3668; x_wconf 80' lang='grc' dir='ltr'>γ’</span> <span class='ocrx_word' id='word_1_292' title='bbox 505 3580 684 3669; x_wconf 78' lang='grc' dir='ltr'><strong><em>ἀντιβίοισι</em></strong></span> <span class='ocrx_word' id='word_1_293' title='bbox 708 3583 929 3670; x_wconf 82' lang='grc' dir='ltr'><strong><em>μαχησομένω</em></strong></span> <span class='ocrx_word' id='word_1_294' title='bbox 952 3581 1126 3650; x_wconf 77' lang='grc' dir='ltr'><strong><em>ίεπίεσσιν</em></strong></span> 
     </span>
    </p>

    <p class='ocr_par' dir='ltr' id='par_1_8' title="bbox 195 3677 1373 4550">
     <span class='ocr_line' id='line_1_34' title="bbox 309 3677 1253 3773; baseline -0.002 -25"><span class='ocrx_word' id='word_1_295' title='bbox 309 3677 493 3765; x_wconf 75' lang='grc' dir='ltr'><strong><em>ἀνστήτην,</em></strong></span> <span class='ocrx_word' id='word_1_296' title='bbox 516 3684 624 3748; x_wconf 80' lang='grc' dir='ltr'><strong><em>λῦσαν</em></strong></span> <span class='ocrx_word' id='word_1_297' title='bbox 648 3678 679 3747; x_wconf 86' lang='lat' dir='ltr'>d&#39;</span> <span class='ocrx_word' id='word_1_298' title='bbox 705 3678 833 3767; x_wconf 78' lang='grc' dir='ltr'><strong><em>ἀγορὴν</em></strong></span> <span class='ocrx_word' id='word_1_299' title='bbox 855 3678 944 3773; x_wconf 78' lang='grc' dir='ltr'><strong><em>παρὰ</em></strong></span> <span class='ocrx_word' id='word_1_300' title='bbox 969 3680 1092 3765; x_wconf 79' lang='grc' dir='ltr'><strong><em>νηυσίν</em></strong></span> <span class='ocrx_word' id='word_1_301' title='bbox 1113 3677 1253 3768; x_wconf 68' lang='grc' dir='ltr'><strong><em>Ἀχαιοὸν</em></strong></span> 
     </span>
     <span class='ocr_line' id='line_1_35' title="bbox 195 3783 1371 3866; baseline -0.006 -18"><span class='ocrx_word' id='word_1_302' title='bbox 195 3784 408 3866; x_wconf 87' lang='lat' dir='ltr'>percommode</span> <span class='ocrx_word' id='word_1_303' title='bbox 445 3786 574 3861; x_wconf 90' lang='lat' dir='ltr'>primum</span> <span class='ocrx_word' id='word_1_304' title='bbox 607 3803 727 3846; x_wconf 89' lang='lat' dir='ltr'>carmen</span> <span class='ocrx_word' id='word_1_305' title='bbox 759 3785 861 3846; x_wconf 88' lang='lat' dir='ltr'>linitur</span> <span class='ocrx_word' id='word_1_306' title='bbox 894 3793 924 3845; x_wconf 90' lang='lat' dir='ltr'>et</span> <span class='ocrx_word' id='word_1_307' title='bbox 961 3787 1118 3851; x_wconf 83' lang='lat' dir='ltr'>universus</span> <span class='ocrx_word' id='word_1_308' title='bbox 1150 3783 1225 3845; x_wconf 90' lang='lat' dir='ltr'>liber</span> <span class='ocrx_word' id='word_1_309' title='bbox 1257 3786 1371 3862; x_wconf 90' lang='lat' dir='ltr'>primus</span> 
     </span>
     <span class='ocr_line' id='line_1_36' title="bbox 196 3880 1372 3964; baseline -0.006 -18"><span class='ocrx_word' id='word_1_310' title='bbox 196 3882 297 3964; x_wconf 90' lang='lat' dir='ltr'>paullo</span> <span class='ocrx_word' id='word_1_311' title='bbox 326 3884 419 3942; x_wconf 87' lang='lat' dir='ltr'>maior</span> <span class='ocrx_word' id='word_1_312' title='bbox 447 3888 494 3942; x_wconf 90' lang='lat' dir='ltr'>est</span> <span class='ocrx_word' id='word_1_313' title='bbox 516 3900 605 3960; x_wconf 87' lang='lat' dir='ltr'>quam</span> <span class='ocrx_word' id='word_1_314' title='bbox 628 3890 726 3944; x_wconf 87' lang='lat' dir='ltr'>cetera</span> <span class='ocrx_word' id='word_1_315' title='bbox 750 3885 880 3944; x_wconf 85' lang='lat' dir='ltr'>carmina</span> <span class='ocrx_word' id='word_1_316' title='bbox 904 3885 1042 3961; x_wconf 85' lang='lat' dir='ltr'>antiquae</span> <span class='ocrx_word' id='word_1_317' title='bbox 1066 3881 1172 3942; x_wconf 91' lang='lat' dir='ltr'>iliadis.</span> <span class='ocrx_word' id='word_1_318' title='bbox 1220 3880 1278 3940; x_wconf 87' lang='lat' dir='ltr'>Sed</span> <span class='ocrx_word' id='word_1_319' title='bbox 1302 3889 1372 3940; x_wconf 91' lang='lat' dir='ltr'>sunt</span> 
     </span>
     <span class='ocr_line' id='line_1_37' title="bbox 196 3977 1371 4061; baseline -0.006 -17"><span class='ocrx_word' id='word_1_320' title='bbox 196 3982 272 4044; x_wconf 87' lang='lat' dir='ltr'>aliae</span> <span class='ocrx_word' id='word_1_321' title='bbox 302 3997 364 4059; x_wconf 90' lang='lat' dir='ltr'>res,</span> <span class='ocrx_word' id='word_1_322' title='bbox 395 3997 471 4058; x_wconf 90' lang='lat' dir='ltr'>quae</span> <span class='ocrx_word' id='word_1_323' title='bbox 500 3979 658 4045; x_wconf 80' lang='lat' dir='ltr'>dividendo</span> <span class='ocrx_word' id='word_1_324' title='bbox 686 3979 762 4040; x_wconf 93' lang='lat' dir='ltr'>libro</span> <span class='ocrx_word' id='word_1_325' title='bbox 786 3983 882 4061; x_wconf 92' lang='lat' dir='ltr'>primo</span> <span class='ocrx_word' id='word_1_326' title='bbox 906 3981 999 4060; x_wconf 77' lang='lat' dir='ltr'>magis</span> <span class='ocrx_word' id='word_1_327' title='bbox 1023 3980 1147 4039; x_wconf 73' lang='lat' dir='ltr'>iaceant.</span> <span class='ocrx_word' id='word_1_328' title='bbox 1194 3977 1267 4038; x_wconf 88' lang='lat' dir='ltr'>Nam</span> <span class='ocrx_word' id='word_1_329' title='bbox 1292 3978 1371 4057; x_wconf 92' lang='lat' dir='ltr'>quod</span> 
     </span>
     <span class='ocr_line' id='line_1_38' title="bbox 195 4075 1371 4142; baseline -0.007 0"><span class='ocrx_word' id='word_1_330' title='bbox 195 4078 329 4142; x_wconf 78' lang='lat' dir='ltr'>Achilles</span> <span class='ocrx_word' id='word_1_331' title='bbox 361 4079 392 4139; x_wconf 93' lang='lat' dir='ltr'>in</span> <span class='ocrx_word' id='word_1_332' title='bbox 425 4078 559 4138; x_wconf 86' lang='lat' dir='ltr'>oratione</span> <span class='ocrx_word' id='word_1_333' title='bbox 587 4078 622 4138; x_wconf 93' lang='lat' dir='ltr'>ad</span> <span class='ocrx_word' id='word_1_334' title='bbox 650 4087 774 4140; x_wconf 88' lang='lat' dir='ltr'>matrem</span> <span class='ocrx_word' id='word_1_335' title='bbox 803 4096 907 4139; x_wconf 87' lang='lat' dir='ltr'>causas</span> <span class='ocrx_word' id='word_1_336' title='bbox 936 4077 1052 4140; x_wconf 88' lang='lat' dir='ltr'>dissidii</span> <span class='ocrx_word' id='word_1_337' title='bbox 1080 4077 1250 4137; x_wconf 86' lang='lat' dir='ltr'>summatim</span> <span class='ocrx_word' id='word_1_338' title='bbox 1279 4075 1371 4135; x_wconf 91' lang='lat' dir='ltr'>recol-</span> 
     </span>
     <span class='ocr_line' id='line_1_39' title="bbox 195 4169 1371 4260; baseline -0.003 -22"><span class='ocrx_word' id='word_1_339' title='bbox 195 4179 264 4256; x_wconf 77' lang='lat' dir='ltr'>ligit</span> <span class='ocrx_word' id='word_1_340' title='bbox 287 4169 335 4260; x_wconf 85' lang='lat' dir='ltr'>(A</span> <span class='ocrx_word' id='word_1_341' title='bbox 358 4171 563 4257; x_wconf 79' lang='lat'>365-388),</span> <span class='ocrx_word' id='word_1_342' title='bbox 586 4177 684 4254; x_wconf 85' lang='lat' dir='ltr'>aptius</span> <span class='ocrx_word' id='word_1_343' title='bbox 708 4184 738 4238; x_wconf 89' lang='lat' dir='ltr'>et</span> <span class='ocrx_word' id='word_1_344' title='bbox 761 4180 875 4256; x_wconf 85' lang='lat' dir='ltr'>gratius</span> <span class='ocrx_word' id='word_1_345' title='bbox 898 4184 944 4238; x_wconf 91' lang='lat' dir='ltr'>est</span> <span class='ocrx_word' id='word_1_346' title='bbox 968 4179 997 4236; x_wconf 94' lang='lat' dir='ltr'>in</span> <span class='ocrx_word' id='word_1_347' title='bbox 1021 4175 1077 4238; x_wconf 89' lang='lat' dir='ltr'>alio</span> <span class='ocrx_word' id='word_1_348' title='bbox 1102 4192 1190 4254; x_wconf 90' lang='lat' dir='ltr'>quam</span> <span class='ocrx_word' id='word_1_349' title='bbox 1213 4177 1244 4234; x_wconf 93' lang='lat' dir='ltr'>in</span> <span class='ocrx_word' id='word_1_350' title='bbox 1268 4174 1371 4235; x_wconf 89' lang='lat' dir='ltr'>eodem</span> 
     </span>
     <span class='ocr_line' id='line_1_40' title="bbox 197 4274 1373 4354; baseline -0.002 -18"><span class='ocrx_word' id='word_1_351' title='bbox 197 4277 332 4336; x_wconf 88' lang='lat' dir='ltr'>carmine</span> <span class='ocrx_word' id='word_1_352' title='bbox 360 4274 484 4354; x_wconf 84' lang='lat' dir='ltr'>lactum;</span> <span class='ocrx_word' id='word_1_353' title='bbox 513 4275 655 4336; x_wconf 89' lang='lat' dir='ltr'>nimirum</span> <span class='ocrx_word' id='word_1_354' title='bbox 683 4277 775 4336; x_wconf 89' lang='lat' dir='ltr'>moris</span> <span class='ocrx_word' id='word_1_355' title='bbox 804 4276 860 4337; x_wconf 90' lang='lat' dir='ltr'>luit</span> <span class='ocrx_word' id='word_1_356' title='bbox 882 4275 1011 4338; x_wconf 87' lang='lat' dir='ltr'>Homero</span> <span class='ocrx_word' id='word_1_357' title='bbox 1036 4281 1066 4333; x_wconf 86' lang='lat' dir='ltr'>et</span> <span class='ocrx_word' id='word_1_358' title='bbox 1088 4274 1185 4352; x_wconf 88' lang='lat' dir='ltr'>poetis</span> <span class='ocrx_word' id='word_1_359' title='bbox 1208 4276 1315 4354; x_wconf 89' lang='lat' dir='ltr'>epicis,</span> <span class='ocrx_word' id='word_1_360' title='bbox 1339 4281 1373 4334; x_wconf 90' lang='lat' dir='ltr'>ut</span> 
     </span>
     <span class='ocr_line' id='line_1_41' title="bbox 198 4370 1371 4451; baseline -0.002 -17"><span class='ocrx_word' id='word_1_361' title='bbox 198 4375 296 4451; x_wconf 89' lang='lat' dir='ltr'>capita</span> <span class='ocrx_word' id='word_1_362' title='bbox 333 4390 434 4434; x_wconf 88' lang='lat' dir='ltr'>rerum</span> <span class='ocrx_word' id='word_1_363' title='bbox 471 4374 502 4434; x_wconf 92' lang='lat' dir='ltr'>in</span> <span class='ocrx_word' id='word_1_364' title='bbox 538 4373 732 4434; x_wconf 86' lang='lat' dir='ltr'>antecedente</span> <span class='ocrx_word' id='word_1_365' title='bbox 770 4375 900 4434; x_wconf 91' lang='lat' dir='ltr'>carmine</span> <span class='ocrx_word' id='word_1_366' title='bbox 937 4372 1098 4433; x_wconf 87' lang='lat' dir='ltr'>relatarum</span> <span class='ocrx_word' id='word_1_367' title='bbox 1134 4370 1304 4432; x_wconf 89' lang='lat' dir='ltr'>hominibus</span> <span class='ocrx_word' id='word_1_368' title='bbox 1341 4373 1371 4432; x_wconf 91' lang='lat' dir='ltr'>in</span> 
     </span>
     <span class='ocr_line' id='line_1_42' title="bbox 199 4469 1371 4550; baseline 0 -20"><span class='ocrx_word' id='word_1_369' title='bbox 199 4471 373 4530; x_wconf 90' lang='lat' dir='ltr'>memoriam</span> <span class='ocrx_word' id='word_1_370' title='bbox 409 4477 592 4535; x_wconf 84' lang='lat' dir='ltr'>revocarent.</span> <span class='ocrx_word' id='word_1_371' title='bbox 638 4469 750 4532; x_wconf 87' lang='lat' dir='ltr'>Deinde</span> <span class='ocrx_word' id='word_1_372' title='bbox 788 4471 865 4550; x_wconf 89' lang='lat' dir='ltr'>quod</span> <span class='ocrx_word' id='word_1_373' title='bbox 904 4469 1037 4550; x_wconf 88' lang='lat' dir='ltr'>luppiter</span> <span class='ocrx_word' id='word_1_374' title='bbox 1073 4487 1142 4530; x_wconf 89' lang='lat' dir='ltr'>cum</span> <span class='ocrx_word' id='word_1_375' title='bbox 1175 4472 1284 4531; x_wconf 89' lang='lat' dir='ltr'>ceteris</span> <span class='ocrx_word' id='word_1_376' title='bbox 1314 4469 1371 4530; x_wconf 91' lang='lat' dir='ltr'>diis</span> 
     </span>
    </p>
   </div>
   <div class='ocr_carea' id='block_1_5' title="bbox 0 0 1653 5090">
    <p class='ocr_par' dir='ltr' id='par_1_9' title="bbox 0 0 1653 5090">
     <span class='ocr_line' id='line_1_43' title="bbox 0 0 1653 5090; baseline 0 0"><span class='ocrx_word' id='word_1_377' title='bbox 0 0 1653 5090; x_wconf 95' lang='lat' dir='ltr'> </span> 
     </span>
    </p>
   </div>
  </div>
 </body>
</html>
