3276 5090
738 364 937 428 „g-

249 535 333 608 parte
352 527 587 610 Τειχοσκοιιίας
606 535 721 588 exemta
740 527 864 605 reliquis
883 524 1018 604 partibus
1032 519 1109 598 libri,
1127 525 1241 602 primae
1256 530 1286 582 et
1300 521 1421 584 ultimae

252 645 339 688 suum
363 628 472 706 cuique
496 643 604 686 nomen
627 624 731 685 deesse
755 623 924 686 noluerunt

341 722 449 784 Verum
482 725 512 783 in
541 721 626 783 libris
654 721 820 782 secundum
847 725 1000 784 nominum
1028 723 1137 783 indicia
1164 719 1337 798 separandis
1365 737 1423 780 non

253 823 467 901 acquievimus,
500 821 550 880 sed
580 820 617 880 ab
645 819 701 880 boc
729 819 920 882 fundamento
948 821 1088 900 proiecti,
1120 820 1146 878 si
1174 836 1233 896 quo
1259 816 1336 876 libro
1365 815 1423 876 duo

253 922 383 981 carmina
416 937 432 980 a
465 919 678 1000 grammaticis,
710 936 747 978 ne
780 936 938 980 numerum
971 921 1075 998 viginti
1102 923 1230 997 quatuor
1258 915 1424 976 litterarum

253 1016 401 1095 alphabeti
429 1017 622 1096 excederent,
652 1014 787 1094 copulata
818 1033 884 1077 esse
913 1015 1102 1095 videbantur,
1135 1017 1223 1075 etiam
1252 1015 1278 1074 si
1306 1015 1425 1074 nomina

255 1133 356 1175 ansam
380 1132 438 1176 non
457 1113 648 1193 praebebant,
672 1112 780 1174 librum
800 1113 932 1181 dividere
952 1115 1028 1176 barad
1049 1113 1256 1175 dubitavimus.
1293 1110 1426 1174 Primum

254 1214 385 1273 omnium
413 1219 512 1271 autem
540 1212 571 1270 in
601 1210 656 1270 bac
684 1229 716 1269 re
745 1210 852 1270 indicia
881 1230 1019 1273 versuum
1048 1208 1282 1287 intercalarium,
1314 1209 1365 1288 qui
1388 1207 1426 1268 ad

253 1317 354 1388 partes
368 1309 533 1368 carminum
548 1307 726 1385 separandas
739 1308 930 1388 prioremque
945 1317 1059 1388 partem
1074 1306 1267 1369 claudendam
1277 1307 1427 1366 interiecti

255 1423 321 1467 esse
354 1404 539 1482 viderentur,
573 1403 657 1465 nobis
685 1407 951 1485 circumspicienda
980 1416 1072 1467 erant.
1082 1402 1105 1486 ¹)
1156 1405 1253 1484 Atque
1282 1404 1317 1464 ad
1346 1403 1428 1464 hunc

256 1521 413 1566 numerum
437 1501 541 1580 procul
565 1501 656 1564 dnbio
680 1503 854 1566 referendus
878 1505 934 1565 luit
957 1523 1061 1566 versus
1087 1506 1119 1564 Φ
1142 1500 1204 1564 227

390 1591 434 1674 ώς
461 1591 587 1660 λειμών
618 1593 789 1681 Τρώεσσιν
817 1597 975 1664 ἐπέσσυτο
1005 1600 1140 1682 δαίμονι
1168 1601 1277 1678 itone,

257 1718 316 1779 quo
341 1717 429 1759 versu
447 1699 530 1777 prior
549 1715 617 1776 pars
637 1697 706 1758 libri
725 1700 859 1774 vigesimi
877 1701 966 1777 primi
985 1701 1047 1759 sive
1062 1691 1165 1780 Μόχη
1180 1689 1431 1777 παραποτάμιος

260 1798 292 1859 Φ
313 1793 440 1858 1--227
463 1799 503 1856 ita
522 1795 724 1874 claudebatur,
744 1804 777 1858 ut
796 1799 884 1858 etiam
904 1799 967 1856 sine
987 1797 1101 1876 reliqua
1120 1797 1260 1858 carminis
1279 1803 1362 1872 parte
1383 1789 1432 1875 (Φ

258 1891 449 1975 233-382)
468 1893 622 1954 commode
649 1895 770 1954 recitari
793 1901 907 1972 posset,
936 1896 997 1955 sive
1026 1895 1082 1955 boc
1110 1895 1174 1956 loco
1203 1903 1287 1955 vetus
1310 1911 1432 1954 carmen

258 1995 376 2054 linitum
394 1999 424 2051 et
443 1990 534 2051 altera
548 2008 618 2069 pars
632 1989 701 2050 libri
715 1982 764 2072 (Φ
778 1987 969 2073 233-382)
984 1992 1020 2052 ab
1036 1995 1202 2052 recentiore
1216 1999 1303 2070 poeta
1318 1991 1432 2054 adiecta

259 2100 314 2170 est,
338 2093 398 2150 sive
422 2081 562 2168 rhipsodi
587 2088 757 2148 universum
782 2107 901 2150 carmen
928 2090 960 2151 Φ
985 2086 1114 2151 1-382
1138 2091 1178 2149 ita
1202 2089 1334 2150 dividere
1358 2087 1433 2170 sole·

259 2189 338 2266 bant,
358 2196 390 2247 ut
410 2189 540 2264 priorem
559 2193 673 2262 partem
693 2187 817 2246 seorsim
837 2189 1006 2250 recitarent.
1039 2187 1125 2248 Hunc
1144 2195 1243 2249 autem
1262 2189 1293 2246 in
1311 2185 1433 2246 modum

260 2284 400 2364 rhapsodi
427 2284 592 2344 interiectis
620 2283 756 2344 versibus
785 2284 812 2343 Z
840 2281 903 2346 311
933 2294 963 2344 et
991 2285 1034 2346 M
1060 2280 1231 2346 175-181
1257 2302 1433 2363 quaecum

260 2382 407 2463 prehensa
440 2387 526 2459 poeta
558 2378 662 2459 voluit,
690 2380 825 2440 divisisse
855 2381 1005 2462 videntur,
1037 2400 1104 2444 cum
1133 2400 1182 2462 eo,
1215 2382 1293 2462 quod
1327 2389 1432 2444 auctor

260 2480 408 2560 Odysseae
433 2480 459 2538 a
484 2474 550 2539 500
569 2477 717 2556 indicavit,
741 2478 866 2540 artificio
886 2480 933 2539 usi
951 2478 1067 2558 longius
1091 2497 1219 2558 carmen,
1242 2489 1332 2557 prout
1355 2487 1430 2540 tem-

261 2597 329 2659 pus¹
345 2575 527 2658 postulabat,
559 2578 589 2636 in
617 2578 794 2638 minutiores
823 2584 922 2654 partes
950 2577 1145 2638 dissecabant.
1191 2577 1284 2657 blagis
1312 2579 1435 2657 vestigia

261 2685 365 2758 poetae
394 2675 544 2753 legerunt,
572 2673 651 2752 quod
680 2674 772 2736 libros
800 2675 948 2736 decimum
977 2677 1098 2736 tertium
1122 2684 1152 2736 et
1174 2675 1322 2738 decimum
1347 2677 1435 2755 septi-

262 2793 342 2836 mum
370 2775 402 2833 in
425 2771 494 2831 bina
517 2773 647 2831 carmina
670 2773 708 2832 N
732 2770 860 2834 1-344
879 2780 910 2833 et
933 2771 969 2834 N
990 2769 1175 2853 361-659,
1198 2773 1229 2834 P
1253 2769 1381 2835 1-399
1405 2781 1437 2834 et

262 2871 293 2931 P
320 2865 504 2932 424-761
540 2869 706 2930 diviserunt
742 2879 772 2932 et
805 2872 990 2949 interpositis
1025 2870 1200 2932 adulterinis
1232 2871 1369 2933 versibus
1402 2871 1440 2932 N

263 2964 440 3032 345-360
468 2973 498 3026 et
522 2967 551 3026 P
570 2963 747 3030 400-423
776 2969 977 3030 diiunxerant.
1024 2967 1082 3030 Sed
1111 2969 1159 3030 hic
1189 2987 1307 3048 quoque
1336 2971 1437 3048 potius

263 3069 338 3129 duae
366 3073 466 3146 partes
494 3066 583 3125 unius
610 3067 749 3144 perpetui
776 3069 930 3146 carminis,
958 3085 1047 3146 qnam
1074 3067 1133 3128 duo
1157 3069 1288 3128 carmina
1311 3067 1437 3128 diversis

263 3163 358 3229 titulis
381 3162 536 3224 statuenda
560 3180 626 3222 esse
649 3162 797 3225 duximus.
834 3163 1010 3226 Rectissime
1035 3183 1104 3225 vero
1128 3183 1163 3225 er
1187 3182 1232 3238 eo,
1255 3165 1334 3244 quod
1359 3166 1437 3224 inter

264 3265 395 3342 priorem
424 3271 539 3340 partem
568 3259 636 3325 libri
664 3259 772 3322 decimi
799 3265 895 3324 octavi
922 3271 952 3322 et
969 3253 1184 3324 ‘Oarioraoet'uv
1208 3280 1312 3324 versus
1335 3261 1438 3322 duales

265 3361 298 3420 Σ
316 3354 491 3420 354-368
507 3356 543 3417 ab
562 3355 683 3435 illepide
697 3358 795 3438 aliquo
811 3360 957 3440 rhapsodo
974 3358 1019 3420 vel
1033 3360 1215 3421 Pisistrateis
1229 3359 1437 3420 redactoribus

264 3457 434 3535 interpositi
457 3461 540 3535 sunt,
563 3455 722 3516 concludas
745 3456 801 3518 boc
824 3458 889 3522 loco
913 3459 982 3520 olim
1006 3475 1125 3519 carmen
1149 3460 1298 3536 integrum
1321 3458 1438 3519 linitum

265 3574 340 3618 esse.
386 3553 519 3631 Denique
543 3569 647 3613 versus
671 3553 702 3614 Ε
723 3551 908 3619 bot-511.

354 3647 483 3731 θοῦρος
497 3641 599 3731 ’Ἇρης
622 3644 764 3725 ἐκάλυψε
786 3647 874 3736 μάχῃ
903 3646 1072 3733 Τρώεσσιν
1096 3643 1233 3734 ἀρήγων

355 3740 494 3811 πανιόσ’
521 3741 748 3829 ἐποιχόμενος·
772 3749 833 3812 τοῦ
857 3743 895 3812 dt
917 3750 1090 3829 κραίαινεν
1114 3744 1255 3832 ἐφετμάς

357 3845 488 3926 Φοίβου
507 3835 715 3921 ’Λπόλλωνος
737 3841 940 3930 χρυσαόρου,
964 3839 1002 3921 ὅς
1025 3868 1082 3928 μιν
1105 3840 1250 3929 ἀνώγειν

359 3937 492 4026 Τρωσὶν
515 3933 629 4024 θυμὸν
654 3940 793 4025 ἐγεῖραι,
818 3940 887 4008 ἐπεὶ
909 3945 983 4010 atde
1007 3938 1161 4009 Παλλάδ’
1185 3938 1334 4027 Ἀθήνην

356 4037 548 4125 οἰχομένην.
571 4031 593 4123 ἢ
617 4034 682 4122 γάρ
705 4040 748 4125 ῥα
771 4039 870 4108 πέλεν
895 4045 1084 4106 Δαναοῖσιν
1107 4034 1245 4124 ἀρήγων

358 4220 384 4285 1)
403 4216 461 4270 Hac
485 4215 519 4270 de
543 4231 573 4268 re
595 4214 707 4284 plenius
725 4215 867 4285 disputavi
886 4217 916 4271 in
935 4215 1170 4272 commentatione
1195 4213 1264 4270 Eine
1283 4215 1438 4272 besondere

269 4301 320 4352 Ari
342 4311 398 4350 von
416 4294 656 4364 Interpoletionen
678 4294 725 4351 bei
743 4295 893 4364 Homeros,
917 4295 946 4350 in
969 4311 1033 4349 ann.
1056 4293 1125 4366 phil.
1147 4299 1214 4350 1881
1235 4313 1262 4365 p.
1285 4301 1439 4362 lib-1605

268 4375 394 4432 versibus
413 4391 446 4431 ex
465 4373 590 4444 Odyssea
608 4375 658 4431 illo
677 4376 740 4431 loco
759 4376 933 4447 depromptis
952 4375 1095 4430 addendos
1115 4389 1176 4429 eree
1194 4373 1277 4431 rideo
1297 4376 1315 4428 δ
1333 4380 1440 4430 etl—4

269 4457 305 4512 ed
324 4452 493 4525 separandas
510 4455 579 4509 duee
597 4459 692 4524 paries
710 4456 777 4512 iibri
795 4456 889 4527 quarti
907 4454 1075 4511 interiectos.
