3276 5090
677 418 896 482 ..41-

187 591 224 642 et
254 582 291 640 ad
320 583 518 658 vespertinam
546 584 698 660 regionem
727 581 878 642 declinans
907 583 1042 660 fingatur.
1088 579 1126 641 [lt
1154 582 1232 642 enim
1260 581 1296 640 ab
1324 583 1370 661 iis,

188 681 250 758 qrri
279 678 389 738 bonum
413 677 574 738 Homerum
602 678 649 739 bis
677 680 831 739 meridiem
861 681 925 739 beri
953 680 1063 740 dixisse
1092 679 1278 760 cavillantur,
1307 698 1371 740 rem

188 784 403 855 exaggeratam
437 785 466 836 ct
494 795 584 855 supra
612 779 724 837 iustum
752 777 872 838 modum
905 785 1020 838 arictam
1049 797 1114 837 esse
1143 777 1238 857 dicae,
1271 785 1369 837 tamen

189 893 303 935 omnes
330 877 517 953 symmetriae
549 875 628 953 leges
657 894 724 936 eum
753 875 876 936 violasse
905 876 1024 936 fatearis
1052 893 1173 936 necesse
1202 884 1260 955 est,
1289 876 1315 935 si
1339 895 1371 936 re

190 991 269 1032 vera
295 971 391 1032 tribus
413 973 497 1032 boris
522 973 692 1034 meridianis
716 980 758 1033 tot
782 973 862 1034 milia
886 993 1026 1036 versuum
1046 974 1137 1055 dedit,
1160 981 1233 1052 quot
1252 976 1371 1033 vicenos

190 1088 306 1130 versus
338 1069 420 1130 dedit
452 1089 503 1129 sex
535 1069 617 1130 boris
651 1073 899 1133 antemeridianis.
953 1075 991 1133 m
1023 1073 1094 1132 baec
1127 1074 1190 1150 ipsa
1223 1070 1370 1131 discordia

190 1170 402 1247 suspicionem
430 1176 541 1248 movet,
568 1171 696 1248 primum
725 1178 841 1248 poetam
870 1174 900 1230 in
924 1173 1021 1231 animo
1046 1170 1184 1230 babuisse
1208 1171 1289 1230 tertii
1312 1169 1371 1229 diei

192 1285 251 1327 res
269 1273 367 1343 gestas
386 1265 522 1326 similiter
541 1273 629 1346 atque
649 1268 773 1328 secundi
793 1288 851 1329 uno
871 1269 946 1330 libro
966 1270 1132 1349 undecimo,
1155 1271 1241 1328 cuius
1260 1271 1372 1348 primae

191 1367 281 1446 parti
303 1365 333 1424 Λ
356 1361 486 1424 67-86
512 1372 591 1425 tauta
615 1364 777 1426 similitudo
800 1386 867 1427 cum
891 1369 920 1428 Θ
943 1365 1074 1428 53-68
1098 1366 1270 1446 intercedit,
1294 1385 1372 1427 com-

193 1463 301 1543 plecti,
320 1461 426 1522 deiude
446 1480 532 1522 sunm
548 1462 705 1524 eonsilium
719 1467 828 1525 sensim
843 1465 1037 1544 amplificasse
1052 1464 1175 1526 adiectis
1192 1464 1373 1526 carminibus

194 1559 253 1622 26.
279 1557 320 1621 28
344 1567 374 1619 et
397 1555 537 1640 20—25,
562 1560 648 1642 unde,
672 1579 739 1623 cum
764 1566 893 1624 narratio
917 1583 1018 1625 rerum
1042 1566 1131 1625 tertio
1155 1564 1203 1624 die
1222 1571 1371 1643 gestarum

194 1658 285 1718 valde
317 1657 435 1718 dilatata
468 1667 559 1739 esset,
597 1667 700 1720 octavo
732 1660 808 1720 libro
841 1679 949 1722 nomen
982 1656 1093 1735 Κόλος
1125 1655 1212 1743 μάχη
1246 1661 1373 1722 inditum

195 1765 256 1816 est.
303 1754 419 1833 Insigne
449 1764 547 1817 autem
575 1759 688 1835 primae
716 1758 827 1820 formae
856 1763 999 1842 poematis
1027 1762 1183 1838 vestigium
1211 1763 1242 1819 in
1266 1778 1301 1819 co
1325 1778 1369 1819 re·

195 1855 305 1916 lictum
334 1872 399 1914 csse
428 1855 557 1936 videtur,
585 1857 664 1936 quod
692 1857 840 1919 decimum
864 1868 999 1921 octavum
1024 1877 1143 1919 carmon
1168 1857 1284 1936 eodem,
1314 1874 1371 1934 quo

196 1954 332 2014 carmina
355 1961 422 2030 post
446 1954 609 2034 interiecta,
633 1973 719 2016 vorsu
743 1957 775 2016 A
798 1953 863 2018 595
878 1985 920 2008 =
936 1958 965 2017 0
988 1955 1050 2018 591
1082 1961 1085 1968 ’

315 2047 374 2130 στῆ
399 2042 437 2111 δὲ
459 2053 734 2132 μεταστρεφθείς,
758 2049 827 2115 ἐπεὶ
850 2052 938 2116 ἵκετο
961 2050 1085 2126 ἰέθνος
1108 2047 1249 2132 ἑταίρων

199 2149 307 2208 linitur
339 2155 369 2207 et
400 2148 497 2208 medio
527 2156 672 2231 tempore,
706 2153 731 2211 si
759 2154 909 2213 moenium
937 2153 1184 2233 expugnationem
1213 2151 1375 2230 exceperis,

198 2245 392 2306 memorabile
416 2253 446 2306 et
470 2265 528 2324 qno
551 2249 628 2307 actio
652 2258 879 2328 promoveretur
902 2251 975 2311 nibil
999 2251 1060 2310 iere
1083 2257 1200 2327 gestum
1224 2254 1277 2308 est.
1286 2242 1310 2330 1)

291 2342 492 2421 Aequabilitas
507 2345 711 2424 dispositionis
727 2355 756 2408 et
770 2350 900 2426 partium
915 2349 1131 2408 inconcinnitas
1147 2349 1192 2406 vix
1203 2345 1269 2405 lieri
1278 2347 1376 2425 potuit

200 2443 275 2522 quin
304 2447 363 2499 tam
390 2442 546 2503 immodice
580 2451 678 2505 vetere
711 2448 842 2506 carmine
874 2447 999 2508 adaucto
1032 2445 1248 2506 distraheretur
1281 2450 1369 2522 atque

203 2537 384 2600 turbaretur.
431 2539 489 2600 Sed
522 2541 595 2602 adeo
628 2543 702 2604 banc
736 2545 862 2605 mediam
895 2552 1009 2624 partem
1039 2543 1137 2603 iliadis
1165 2540 1375 2602 conturbatam

203 2657 270 2699 esse
298 2636 504 2699 Lacbmannus
527 2638 606 2700 lletr.
635 2659 662 2719 p.
691 2637 732 2702 67
766 2650 796 2703 et
827 2642 961 2723 plerique
990 2644 1169 2720 interpretes
1197 2645 1377 2718 statuerunt,

203 2748 237 2799 ut
262 2755 365 2797 versus
390 2736 419 2795 0
441 2733 506 2798 653
530 2757 594 2817 squ.

317 2828 453 2896 εἰσωποὶ
477 2825 510 2895 δ’
537 2831 691 2915 ἐγένοντο
715 2835 819 2916 νεῶν,
842 2832 917 2917 περὶ
940 2828 972 2899 d’
999 2836 1141 2919 ἔσχεθον
1163 2827 1266 2916 ἀκοαί

317 2930 409 3014 νῆες,
433 2923 510 2994 ὅσοι
533 2933 661 3013 πρῶται
684 2929 846 3017 εἰρύαται·
869 2931 921 3000 rol
945 2927 977 2998 δ’
1004 2931 1160 3017 ἐπέχυντο

104 3040 112 3050 “
206 3052 274 3094 cum
299 3033 344 3112 iis,
373 3049 448 3110 quae
473 3031 502 3091 0
524 3029 590 3093 385
617 3033 653 3093 de
677 3033 797 3096 dobivis
821 3055 857 3096 ex
880 3035 1031 3116 puppibus
1055 3035 1172 3094 navium
1195 3051 1282 3110 aegre
1305 3031 1378 3091 Tro·

206 3134 289 3192 ianos
318 3130 534 3191 sustinentibus
562 3138 593 3191 et
617 3129 732 3194 0489
761 3133 797 3193 de
821 3132 916 3212 Clytio
939 3133 1068 3192 Troiano
1092 3133 1191 3208 ignem
1214 3131 1250 3190 ad
1274 3147 1377 3190 navem

206 3230 303 3290 Aiacis
319 3228 433 3288 ieronte
453 3236 570 3289 narrata
589 3238 683 3311 erant,
697 3230 783 3309 plane
802 3249 934 3310 pugnare
954 3231 1101 3290 dicerent:
1120 3246 1179 3307 quo
1199 3231 1277 3288 onim
1292 3233 1377 3307 pacto

208 3327 272 3387 lieri
301 3327 448 3407 potuisse,
478 3333 512 3386 nt
535 3326 650 3409 Achivi,
680 3332 732 3408 qui
759 3333 818 3391 iam
841 3336 925 3390 antea
950 3331 1048 3406 ignem
1072 3326 1196 3386 navibus
1219 3325 1378 3405 probibere

208 3425 303 3486 coacti
336 3434 450 3504 essent,
483 3433 545 3485 tum
573 3426 692 3488 demum
721 3431 752 3488 in
780 3435 973 3507 conspectum
1002 3426 1120 3485 narium
1148 3419 1305 3483 venirent?
1340 3421 1379 3481 m

208 3523 281 3584 baec
310 3521 469 3583 difficultas
497 3527 597 3585 nescio
626 3544 663 3586 an
691 3529 718 3586 si
744 3529 843 3588 minus
871 3522 947 3604 tolli,
976 3530 1005 3583 at
1033 3522 1135 3583 saltem
1159 3522 1253 3580 minui
1275 3521 1378 3599 possit.

209 3621 282 3681 lllud
316 3620 449 3700 quidem,
486 3622 565 3700 quod
598 3623 782 3686 liuentzerus
815 3641 873 3682 non
902 3621 1041 3700 Achivos,
1074 3619 1125 3680 sed
1153 3618 1296 3679 Troianos
1329 3614 1378 3676 illo

209 3737 297 3778 versu
321 3711 485 3791 εἰσωποὺς
507 3716 667 3799 γενέσθαι
690 3722 776 3802 dicit,
799 3719 880 3782 nullo
905 3720 990 3780 modo
1015 3719 1087 3778 ierri
1110 3724 1216 3797 potest,
1240 3714 1379 3794 qnoniam

208 3820 364 3878 manifeste
388 3817 437 3878 alii
459 3811 510 3878 τοί
534 3809 565 3879 d’
592 3813 760 3900 ἐπέχυντο,
783 3819 833 3879 alii
856 3810 993 3879 εἰσωποὶ
1012 3808 1166 3895 ἐγένοντο
1189 3810 1380 3888 intellegendi

209 3927 287 3978 suut.
324 3915 433 3977 Verum
457 3906 620 3988 εἰσωπούς
642 3916 731 3979 νεῶν
754 3936 813 3978 non
837 3919 889 3996 qui
912 3918 943 3976 in
966 3920 1160 3992 conspectum
1183 3912 1299 3971 navium
1319 3903 1381 3992 (εἰς

211 4051 226 4056 ...
233 4049 421 4056 -ῌ--η-ι-ι

301 4117 327 4184 1)
346 4115 423 4170 Scite
441 4115 560 4170 adnotet
577 4115 680 4185 Jacob,
699 4115 879 4184 Entetehung
898 4115 947 4168 der
965 4111 1031 4167 ilias
1050 4110 1107 4164 und
1126 4109 1249 4176 Odyssee
1267 4125 1295 4177 p.
1315 4114 1380 4163 273:

210 4196 292 4250 lncles
305 4195 409 4266 gebdrt
422 4211 451 4250 es
464 4195 625 4264 dberhanpt
637 4213 670 4250 zu
684 4196 737 4252 den
748 4191 1052 4266 Eigentrimlichlreiten
1067 4189 1157 4243 dieses
1173 4195 1214 4243 13.
1229 4187 1381 4260 Gesanges,

212 4275 271 4330 deis
298 4275 328 4328 in
355 4273 415 4329 ihm
442 4273 542 4330 Nichts
572 4274 726 4343 gescbiebt.
774 4274 909 4331 Similiter
937 4274 1143 4328 Seboemennur
1172 4269 1206 4323 de
1233 4268 1381 4324 reticentia

212 4354 326 4410 Homeri
344 4372 371 4424 p.
393 4359 425 4408 18
445 4370 615 4423 quemquam
634 4371 718 4424 aegre
736 4355 859 4409 laturum
873 4355 960 4422 negot
973 4352 1023 4406 aut
1037 4349 1258 4404 desideraturum
1272 4349 1381 4419 aliquid

212 4434 308 4502 luisse,
332 4435 356 4488 si
380 4451 398 4489 a
416 4433 484 4489 libri
502 4433 554 4490 XII
572 4433 626 4488 fine
646 4433 742 4488 stetim
761 4433 853 4488 oretio
872 4433 908 4488 ad
928 4431 979 4486 XV
998 4436 1050 4486 290
1069 4428 1253 4486 deduceretur
1271 4429 1381 4486 omissis

213 4515 337 4570 versibus
355 4514 477 4586 emplius
495 4514 573 4570 mille
592 4513 785 4584 septingentis.
