3280 5104
747 408 990 472 -146-

281 563 412 630 πεσέειν
448 562 586 648 φνγέειν
622 563 843 648 διαπραθέειν
875 560 1099 651 ὑπερθορέειν
1130 565 1321 652 ἐρυκακέειν
1352 589 1454 653 παρα-

282 660 441 746 δραθέειν
473 659 675 746 πεφραδέειν
706 661 811 727 πιέειν
844 663 982 748 φαγέειν
1015 661 1175 747 σχεθέειν.
1221 668 1317 748 Atque
1350 668 1452 730 lalsam

279 764 356 826 banc
378 767 603 845 persuasionem
628 765 720 825 luisse
745 765 882 845 equidem
906 765 1006 827 nullus
1029 765 1143 847 dubito,
1166 768 1321 845 quaeritur
1345 773 1453 847 tamen,

280 872 381 926 utrum
418 860 548 924 Homero
584 863 642 942 ipsi
678 879 812 922 errorem
853 864 1003 942 assignare
1040 862 1127 924 liceat
1168 881 1204 924 en
1246 857 1453 927 redactolibus

279 961 462 1024 Pisistrateis
499 968 562 1040 aut,
600 959 630 1020 id
655 959 741 1039 ‘quod
776 963 808 1021 in
840 968 922 1022 tanto
954 979 1102 1022 consensu
1134 962 1272 1024 codicum
1308 981 1452 1045 perquam

279 1059 474 1141 improbabile
516 1067 574 1140 est,
615 1057 821 1119 Alexandrinis
857 1060 1057 1138 grammaticis
1094 1061 1241 1139 imputare
1282 1061 1452 1122 debeamus.

241 1235 243 1240 Ι
279 1158 392 1221 Mediae
424 1165 523 1219 autern
555 1157 720 1218 sententiae
750 1154 824 1216 illud
855 1157 982 1216 maxime
1010 1156 1108 1217 lavere
1137 1158 1267 1238 videtur,
1300 1159 1378 1238 quod
1409 1159 1452 1218 di-

281 1259 439 1320 ductarum
471 1255 611 1315 infinitivi
643 1255 805 1315 termarum
837 1272 934 1332 neque
962 1255 992 1315 in
1022 1252 1115 1316 titulis
1142 1254 1266 1333 lapideis
1294 1273 1391 1335 neque
1420 1258 1451 1316 in

279 1357 389 1417 ceteris
412 1355 518 1415 ionicis
541 1353 739 1432 scriptoribus
761 1350 938 1413 Archilocho
963 1351 1074 1412 Callino
1098 1351 1248 1415 Herodoto
1271 1352 1452 1432 Hippocrate

279 1461 361 1514 certa
393 1450 526 1531 exempla
559 1458 688 1531 exstant,
721 1469 778 1530 qna
810 1450 847 1511 de
879 1468 913 1510 re
940 1452 1015 1511 scite
1042 1451 1250 1514 disseruerunt
1277 1452 1451 1533 Bredorius‚

237 1615 239 1619 ,
279 1549 316 1612 de
339 1547 465 1611 dialecto
489 1546 654 1608 Herodotea
678 1565 706 1626 p.
725 1543 800 1629 324,
823 1555 853 1608 et
876 1547 1040 1630 Renncrus,
1065 1548 1101 1609 dc
1125 1549 1250 1611 dialecto
1274 1552 1452 1629 antiquioris

279 1647 462 1709 Graeconrm
484 1649 583 1726 poesis
608 1645 753 1724 elegiacae
777 1655 807 1706 et
830 1645 981 1728 iambicae,
1005 1649 1034 1706 in
1059 1647 1140 1708 Curi.
1164 1647 1248 1709 Stud.
1271 1647 1284 1707 l
1307 1647 1329 1710 2
1352 1666 1380 1727 p.
1400 1645 1453 1711 32.

279 1740 378 1817 Ouid?
407 1744 485 1823 quod
514 1763 551 1806 ne
575 1744 723 1806 Hesiodus
751 1744 871 1824 quidem
899 1746 930 1804 in
958 1747 1096 1823 genuinis
1123 1747 1304 1808 carminibus
1333 1747 1451 1824 tbeogo-

278 1845 345 1905 niae
378 1851 408 1904 et
436 1861 560 1922 operum
597 1844 684 1902 istam
712 1841 860 1902 licentiam
890 1842 1008 1902 admisit
1036 1850 1066 1903 et
1093 1845 1124 1904 in
1152 1845 1216 1905 solo
1243 1845 1375 1905 carmine
1403 1843 1452 1903 ad-

278 1941 421 2021 ulterino,
458 1947 544 2002 scuto
589 1938 739 2021 Herculis,
775 1940 913 2000 infinitivi
950 1939 1063 2001 diducti
1101 1936 1238 2022 μαπέειν
1271 1938 1344 2002 231.
1377 1937 1452 2020 304,

277 2034 384 2102 πιέειν
416 2035 495 2119 252,
528 2032 631 2100 έλέειν
664 2035 744 2114 337,
775 2032 901 2099 λιπέειν
929 2035 994 2099 332
1022 2040 1223 2100 inveniuntur.
1268 2038 1371 2118 ltaque
1399 2041 1450 2117 qul

278 2135 440 2199 Homerum
477 2137 575 2216 ipsum
611 2135 667 2198 bac
703 2135 818 2197 macula
855 2152 1012 2214 aspergere
1054 2139 1142 2197 veriti
1183 2145 1267 2217 sunt,
1304 2135 1389 2196 lliadi
1421 2145 1451 2196 et

277 2232 426 2315 Odysseae
455 2236 630 2296 commentis
658 2234 918 2313 grammaticorum
946 2231 1078 2312 expulsis
1102 2235 1212 2294 lormas
1235 2233 1450 2294 infinitivorum

277 2333 308 2393 in
336 2351 414 2412 εμεν
442 2341 494 2393 aut
521 2351 574 2393 εεν
602 2331 769 2393 reddendas
796 2349 862 2391 esse
885 2338 1076 2393 censuerunt.
1123 2331 1160 2391 At
1183 2349 1259 2412 qnae
1282 2350 1299 2391 a
1322 2330 1450 2408 Georgio

277 2429 394 2510 Curtio,
422 2428 551 2490 Verbum
574 2424 618 2490 11ι
644 2427 716 2511 103,
739 2429 917 2508 comparatis
939 2429 1093 2490 infinitivis
1116 2428 1235 2490 aeolicis
1258 2427 1337 2509 ἔχην
1361 2419 1449 2508 ἄγην

277 2528 428 2607 proposita
457 2535 502 2588 est
530 2528 626 2588 lorma
653 2547 707 2589 εεν
735 2527 883 2607 quomodo
906 2525 1049 2604 explicari
1072 2529 1179 2609 possit,
1202 2529 1261 2588 nisi
1284 2528 1449 2605 antiquitus

275 2625 400 2699 λιπερεν
428 2622 474 2684 vel
501 2623 635 2685 λιπεέεν
663 2623 791 2684 Graecos
819 2623 929 2684 dixisse
953 2624 1084 2706 tinxeris,
1108 2624 1253 2705 equidem⁴
1269 2643 1330 2684 non
1353 2623 1448 2684 video.

276 2721 334 2782 Sed
354 2740 422 2782 cum
441 2723 472 2781 in
490 2728 552 2782 tota
571 2723 730 2801 graecitate
749 2721 839 2782 medii
857 2720 997 2800 digammi
1016 2740 1108 2783 unum
1128 2721 1295 2802 exemplum
1310 2715 1448 2783 δόέεναι

275 2821 306 2879 in
325 2818 425 2879 tabula
448 2817 599 2901 ldaliensi,
623 2820 737 2881 mediae
761 2819 914 2894 litteraej
934 2837 1058 2899 prorsus
1083 2818 1161 2880 nulls
1185 2818 1295 2879 indicia
1321 2828 1448 2900 exstent,
1518 2805 1528 2822 ³

275 2917 384 2977 Leonis
406 2915 518 2996 Heyeri
537 2919 701 2979 sententiae
720 2916 858 2978 omnibus
877 2915 951 2978 locis
970 2918 1094 2978 formam
1113 2919 1144 2977 in
1163 2935 1241 2996 εμεν
1260 2917 1448 2978 restituentis

275 3008 387 3100 (Vergl.
397 3015 496 3077 Gram.
510 3009 548 3075 11¹
559 3011 640 3098 284)
654 3033 753 3076 meum
768 3032 886 3095 quoque
901 3014 1048 3076 calculum
1063 3014 1180 3074 adicere
1197 3013 1448 3096 londoniensem,

275 3115 302 3174 si
324 3113 461 3174 codicum
479 3113 567 3174 fidem
586 3111 806 3175 convechdam
826 3133 892 3174 esse
912 3113 983 3174 mibi
1003 3121 1161 3173 constaret.
1198 3111 1257 3172 Sed
1276 3111 1448 3173 obiciuntur

274 3212 372 3271 animo
396 3211 515 3290 qnidam
539 3211 682 3292 scrupuli,
705 3214 758 3292 qui
781 3212 958 3275 emendandi
980 3214 1056 3272 viam
1080 3228 1140 3271 non
1162 3209 1204 3270 illi
1224 3210 1344 3289 quidem
1363 3228 1447 3289 prae·

274 3308 408 3390 cludant,
439 3317 470 3370 at
497 3317 594 3370 tamen
623 3311 767 3370 incertam
796 3310 929 3370 reddant
974 3308 1092 3370 Etenim
1120 3316 1240 3386 recepta
1267 3309 1323 3368 ista
1352 3309 1446 3368 torma

274 3423 334 3467 non
356 3408 455 3467 minus
479 3425 566 3486 wem
589 3410 692 3469 novies
715 3409 746 3469 in
767 3407 856 3469 lliade
875 3402 924 3489 (A
942 3403 1016 3468 263.
1036 3406 1068 3465 Ε
1084 3402 1158 3466 262.
1176 3404 1210 3464 K
1227 3401 1301 3478 aba
1320 3405 1354 3464 Σ
1371 3402 1446 3467 511.

277 3504 308 3566 Τ
328 3501 378 3567 15.
402 3505 436 3565 X
454 3501 529 3566 426.
557 3506 595 3566 qr
615 3503 689 3567 467.
712 3506 746 3567 Ab
769 3500 858 3586 608),
881 3506 974 3565 octies
998 3505 1029 3563 in
1052 3503 1182 3582 Odyssea
1208 3497 1245 3582 (α
1264 3497 1315 3564 59.
1335 3521 1350 3562 ε
1370 3499 1445 3563 349.

273 3606 299 3664 θ
327 3599 401 3666 508.
430 3623 441 3662 ι
473 3599 545 3664 137.
574 3604 593 3664 λ
621 3599 695 3665 232.
722 3601 843 3684 plne.
866 3621 885 3662 ν
907 3600 982 3663 477.
1004 3622 1027 3661 υ
1050 3594 1145 3683 313),
1170 3607 1275 3680 quater
1298 3601 1328 3659 in
1353 3599 1446 3660 Scuto

274 3693 310 3783 (v
337 3697 411 3762 231.
440 3696 514 3762 252.
542 3697 616 3762 304.
645 3695 725 3783 337)
754 3700 894 3782 syllabam
922 3709 1083 3762 extremam
1111 3707 1179 3760 ante
1208 3697 1339 3759 vocalem
1366 3699 1446 3758 ictus

274 3800 300 3857 vi
329 3797 453 3876 produci
483 3797 568 3858 nobis
600 3798 790 3860 statuendum
819 3801 887 3859 erit.
931 3800 1027 3878 Atque
1056 3805 1090 3858 ut
1116 3797 1193 3857 bano
1216 3796 1445 3875 productionem

273 3897 302 3955 in
329 3913 453 3957 caesura
481 3903 511 3956 et
538 3899 568 3957 in
594 3897 651 3957 libe
674 3897 821 3958 enuntiati
844 3903 911 3956 ante
935 3896 1008 3956 duas
1031 3895 1137 3956 breves
1161 3893 1286 3974 syllabas
1310 3889 1356 3976 (Ε
1368 3891 1444 3955 262.

272 3993 306 4053 K
332 3991 405 4056 368.
435 3994 470 4053 Σ
493 3991 568 4056 511.
605 3995 642 4055 ap·
661 3992 737 4056 467.
769 3991 899 4055 10608.
924 4014 936 4054 ι
965 3991 1037 4054 137.
1069 3995 1087 4054 λ
1115 3989 1188 4056 232.
1217 4014 1241 4072 μ
1268 3989 1342 4054 446.
1367 3999 1443 4054 scut

271 4083 352 4174 231)
375 4093 448 4152 satis
471 4100 642 4152 excusatam
666 4109 732 4152 esse
760 4090 933 4172 largiamur,
966 4098 1063 4152 tarncn
1097 4109 1202 4154 vereor
1235 4109 1272 4150 ne
1305 4091 1443 4151 restituta

272 4191 328 4249 ista
352 4189 445 4250 lorma
468 4191 547 4250 iusto
571 4189 708 4252 duriores
731 4193 850 4251 evasuri
877 4192 936 4250 sint
964 4191 1082 4250 numeri
1108 4199 1277 4250 ceterorum
1302 4205 1443 4248 versuum

271 4287 458 4367 pessimaque
482 4287 662 4366 cacopbonia
689 4305 777 4349 aures
801 4289 936 4348 laesurus
960 4289 998 4348 sit
1021 4306 1126 4349 versus
1149 4289 1183 4349 X
1201 4284 1268 4348 426

395 4377 567 4465 Ἕκτορος·
591 4376 635 4458 ὡς
658 4377 779 4466 ὄφελεν
802 4378 950 4464 θανέμεν
973 4381 1011 4446 έν
1034 4378 1149 4466 χερσὶν
1172 4380 1277 4465 ἐμῇσι.

271 4481 336 4552 Quo
368 4482 495 4562 accedit,
532 4481 611 4562 quod
649 4501 685 4543 ex
722 4485 854 4563 quinque
885 4483 1040 4544 infinitivis
1077 4479 1161 4543 Scuti
1198 4489 1339 4560 quattuor
1374 4499 1443 4559 pro-
