3306 5070
641 414 880 478 -183-

177 569 274 658 codd.)
296 566 455 638 Ὀδυσσεῦ
477 598 501 657 μ
526 574 599 658 101,
621 566 723 640 πῶλε’
749 573 822 640 ἐπεί
837 576 859 639 δ
877 575 953 658 811,
976 568 1081 653 τεόξε’
1107 576 1180 642 ἐπεί
1196 601 1213 642 τ
1228 579 1293 643 314
1318 590 1348 642 et

177 675 301 734 tortasse
325 676 412 734 etiam
437 666 621 756 ἐπεφράσατ’
646 666 752 737 ’όσσου
770 665 894 755 όρείωυ
916 677 947 736 Φ
964 675 1039 757 410,
1063 669 1195 758 ἐκτήσα’
1217 672 1347 740 ἄκοιτιν

178 793 202 833 ω
228 769 301 852 193,
324 763 381 847 ἵζε’
408 767 491 855 (ἵζευ
515 767 614 855 codd.)
639 771 727 853 ἐμεῖο
748 773 781 835 Γ
800 771 871 838 162.
891 775 913 835 Ι
930 770 983 854 54,
1004 766 1092 855 γένε’
1114 769 1228 857 (γένευ
1247 771 1348 861 codd.)

179 854 235 932 do’
262 871 293 930 E
319 867 393 932 897.
419 872 446 932 Ζ
473 869 554 950 280,
578 863 666 933 ἑπλε’
700 867 813 947 (ἔπλευ
841 869 940 952 codd.)
968 865 1102 954 όριστος
1135 874 1171 933 Ψ
1198 870 1260 935 891
1291 883 1347 934 etc.

180 967 267 1029 Recte
300 987 370 1029 vero
402 969 550 1050 Naberns,
583 977 694 1049 quaest.
728 957 873 1048 flom'p.
907 968 969 1032 131
1004 963 1140 1053 κρὲμασ’
1176 961 1282 1044 ὑψόσε
1320 972 1348 1032 0

180 1063 217 1128 18
245 1085 300 1146 pro
328 1060 437 1149 κρὲμω
466 1058 573 1142 ὑψόσε
601 1067 817 1128 emendandum
849 1086 915 1129 esse
945 1072 1069 1132 censuit.
1117 1069 1249 1149 Denique
1279 1089 1370 1164 cunr⁸

179 1157 265 1239 δὲξαι
294 1167 352 1226 nisi
380 1173 448 1226 ante
478 1167 591 1227 vocales
620 1185 678 1226 non
707 1168 888 1248 inveniatur,
916 1169 1016 1228 nescio
1045 1187 1082 1228 an
1111 1159 1193 1243 δέξό
1224 1159 1346 1228 ἄποινα

178 1262 364 1326 scribendum
390 1266 436 1324 sit.

264 1360 283 1438 5
308 1359 380 1424 110.
427 1362 578 1443 Participii
606 1365 679 1441 peri.
708 1370 762 1423 act.
790 1363 1028 1424 terminationem
1057 1363 1127 1423 olim
1155 1382 1171 1423 a
1199 1363 1346 1442 digammo

178 1461 321 1539 incepisse
360 1470 535 1541 veteresque
568 1461 696 1522 Graecos
728 1453 929 1540 redvuidaeg
961 1453 1134 1540 docufdrsu
1165 1454 1347 1541 μεμαὲότες

177 1549 350 1635 repastus
376 1551 577 1639 samniticae
604 1559 714 1619 dixisse
742 1561 814 1619 satis
842 1561 921 1620 inter
944 1577 1047 1619 omnes
1071 1567 1196 1620 constat
1242 1559 1345 1638 ltaque

177 1671 232 1714 non
269 1674 427 1735 possumus
465 1675 523 1718 non
562 1659 676 1737 mirari,
713 1656 791 1737 quod
825 1657 938 1717 mediae
971 1656 1087 1717 vocales
1118 1658 1342 1736 participiorum

175 1755 331 1832 τεδυεῷτι
364 1773 381 1814 τ
412 1751 476 1818 331
507 1763 537 1816 et
564 1748 639 1835 περὶ
667 1746 866 1815 σκυλάκεσσι
892 1751 1026 1833 βεβῶσα
1055 1774 1076 1814 υ
1106 1751 1147 1815 14
1177 1756 1272 1815 eiecto
1302 1754 1344 1814 di·

174 1869 287 1928 gammo
326 1854 451 1930 synizesi
487 1855 517 1912 in
555 1871 645 1913 unam
682 1851 821 1932 syllabam
859 1861 978 1912 coactae
1017 1859 1094 1911 sunt.
1151 1850 1209 1911 Sed
1247 1862 1279 1911 ut
1313 1854 1343 1911 in

175 1946 302 2027 Odyssea
326 1947 402 2008 banc
426 1953 657 2012 contractionem
682 1952 829 2029 patienter
853 1950 939 2030 ieras,
963 1949 1093 2027 reliquos
1117 1948 1211 2028 locos,
1235 1947 1344 2027 quibus

174 2047 287 2108 vocales
311 2067 354 2108 εω
379 2049 409 2107 in
433 2046 510 2108 tbesi
533 2048 682 2128 leguntur,
705 2047 782 2108 baud
807 2055 982 2107 cunctanter
1007 2049 1135 2106 recentis
1159 2044 1343 2107 litteraturae

172 2163 273 2206 errore
298 2144 413 2206 sublato
438 2149 562 2222 correxi,
588 2147 665 2207 unde
689 2164 749 2206 non
773 2145 868 2205 solum
893 2143 1095 2225 probavimus
1124 2144 1175 2204 sed
1200 2146 1287 2204 etiam
1312 2147 1343 2204 in

172 2241 331 2304 verborum
363 2251 536 2304 contextum
569 2245 737 2322 recepimus
768 2233 916 2304 πεπτεῶτ’
952 2232 1123 2324 (πεπτεῶτ’
1159 2236 1260 2325 codd.)
1289 2234 1342 2303 cta-

171 2338 265 2413 λυδις
290 2333 375 2402 duaa
401 2343 433 2403 Φ
455 2339 529 2423 503,
553 2335 730 2416 πεπτεότας
753 2335 952 2426 (πεπτεῶτας
972 2360 997 2400 v.
1017 2337 1049 2420 l.)
1069 2334 1213 2412 πολλούς
1231 2361 1249 2420 χ
1269 2338 1343 2420 384,

172 2430 299 2500 ἑσταότ’
330 2428 478 2512 (ἑστεῶτ’
508 2459 533 2500 v.
562 2435 594 2519 l.)
625 2436 660 2501 ἐν
689 2437 799 2524 δίφρῳ
828 2440 861 2499 Ω
886 2436 960 2518 701,
985 2429 1114 2500 ἑσταότ’
1140 2429 1286 2519 (ἑστεῶτ’
1317 2458 1342 2498 v.

171 2529 204 2619 l.)
232 2535 284 2597 εἰν
305 2527 417 2598 Ἀίδαο
441 2558 468 2599 ω
491 2535 558 2598 204
581 2544 611 2598 et
640 2537 708 2598 llos.
737 2547 812 2599 scut.
842 2535 898 2617 61,
922 2527 1050 2598 ἑσταότ’
1077 2528 1221 2619 (ἑστεῶτ’
1248 2557 1272 2596 v.
1298 2533 1342 2618 l.)·

171 2630 205 2693 oi
230 2625 267 2694 δέ
296 2653 354 2713 μιν
383 2643 408 2709 ψ
435 2633 487 2696 46.
538 2635 665 2697 Prorsus
695 2635 854 2697 infeliciter
883 2641 982 2695 autem
1010 2632 1085 2694 banc
1114 2652 1177 2694 rem
1206 2637 1342 2695 tractavit

169 2730 250 2792 lmm.
279 2730 446 2812 Belclrerus,
475 2734 527 2811 qui
554 2751 613 2792 non
641 2733 736 2794 solum
765 2731 813 2792 illa
843 2731 947 2792 menda
976 2730 1111 2792 codicum
1140 2733 1249 2793 intacta
1276 2733 1342 2793 reli·

170 2832 247 2908 quit,
281 2829 332 2889 sed
361 2832 449 2891 etiam
480 2830 516 2890 de
545 2849 599 2890 suo
628 2833 739 2891 invexit
767 2837 903 2909 portenta
932 2829 1071 2890 dictionis
1100 2821 1230 2891 ἑστεῶτ’
1265 2821 1339 2912 ἄγχ’

170 2929 314 3000 Αῐαυτος
343 2927 473 3010 0434,
501 2921 653 2991 ἑστεῶτ’·
683 2919 757 2990 οὐδ’
788 2920 807 2990 ό
836 2948 872 3008 γε
901 2929 929 2989 Β
958 2926 1035 3007 170,
1066 2927 1134 3008 alia,
1163 2947 1237 3007 qnae
1262 2932 1340 2990 iusto

170 3026 367 3087 verecundius
400 3025 489 3088 dubia
523 3026 598 3088 dixit
632 3045 687 3087 von
720 3027 773 3088 der
806 3026 961 3106 Plordten,
995 3024 1054 3086 Zur
1082 3025 1260 3087 Gescbicbte
1289 3027 1340 3086 des

168 3123 279 3202 griech.
304 3123 436 3186 Perfects
459 3143 487 3202 p.
511 3121 563 3184 54.

256 3220 277 3298 ξ
303 3219 373 3282 111.
422 3220 509 3282 Verbi
533 3221 711 3283 substantivi
730 3218 766 3282 ἑσ
789 3223 819 3281 in
843 3219 965 3281 Homeri
988 3221 1170 3282 carminibus
1194 3221 1340 3302 diductae,

169 3337 244 3397 quae
263 3321 400 3397 genuinis
421 3322 553 3398 proxime
573 3318 762 3398 accedebant,
782 3319 891 3379 lormae
911 3317 1017 3378 crebro
1037 3327 1195 3397 usurpatae
1215 3327 1339 3396 exstant,

169 3417 248 3478 velut
267 3415 341 3478 ἔασι
363 3416 406 3478 ἕω
426 3417 499 3499 ἔῃσι
519 3417 568 3479 ἕοι
588 3411 652 3478 ἐῶν
667 3416 704 3477 ἔα
724 3401 767 3495 ἦα
787 3415 894 3495 ἔησθα
913 3400 972 3497 ηἐυ
992 3435 1028 3476 ex
1048 3415 1141 3477 ε”σασι
1162 3415 1226 3476 ε”σω
1246 3417 1340 3499 ε”σῃσι

169 3513 239 3576 ε’σοι
267 3507 355 3576 ἐσῶυ
384 3514 443 3576 ε’σα
470 3500 536 3596 ἦσα
564 3513 694 3595 ἑσησδα
721 3499 781 3593 ᾖσε
810 3521 991 3593 procreatae.
1038 3513 1213 3575 Contractae
1240 3523 1339 3575 autem

168 3613 214 3672 vel
238 3631 313 3692 quae
337 3612 450 3674 abiecta
475 3612 567 3674 vocali
591 3633 606 3674 ε
630 3620 715 3673 natae
739 3619 810 3674 sunt
833 3613 943 3672 lormae
967 3631 1133 3692 perpaucae
1158 3630 1212 3672 nec
1232 3613 1289 3672 nisi
1308 3614 1338 3672 in

169 3710 386 3772 recentioribus
401 3711 536 3791 partibus
545 3710 644 3772 Iliadis
659 3719 688 3772 et
698 3708 845 3790 Odysseae
860 3709 1002 3788 leguntur
1016 3695 1077 3772 ῶσι
1093 3707 1208 3778 Ξ274.
1223 3728 1249 3770 ιο
1264 3707 1338 3790 491,

170 3796 246 3892 ᾗσιν
274 3809 304 3868 Τ
322 3807 397 3890 202,
421 3801 524 3890 οὔσης
546 3830 563 3870 τ
582 3806 657 3890 489,
680 3801 780 3882 ὄντας
803 3830 824 3889 η
847 3807 898 3870 94.
922 3829 941 3869 τ
960 3806 1035 3891 230,
1057 3826 1184 3888 qnorum
1204 3808 1336 3869 locorum

168 3905 284 3978 5274
308 3915 338 3968 et
360 3927 378 3968 τ
401 3903 467 3968 230
491 3906 546 3967 alia
570 3905 662 3968 vocali
684 3907 882 3986 praecedente
905 3899 1082 3989 (μάρτυροι
1106 3892 1178 3984 ῶσι,
1203 3899 1337 3986 χρύσεοι

168 3997 276 4087 ὄντες)
304 4013 436 4083 paratam
464 4004 574 4066 habent
601 4007 821 4066 excusationem
850 4013 880 4066 et
907 4025 927 4084 η
956 4001 999 4065 94
1027 4003 1205 4065 subditicios
1236 4021 1338 4064 versus

168 4121 232 4164 esse
267 4103 391 4166 videtur.
438 4101 508 4163 lndc
542 4105 658 4163 miratio
692 4105 823 4164 animum
856 4101 949 4184 subit,
982 4101 1059 4182 quod
1090 4101 1143 4162 ἔευ
1172 4121 1259 4181 quam
1288 4120 1336 4162 ex·

168 4207 336 4278 spectamus
361 4200 484 4260 formam
508 4202 538 4260 in
563 4201 674 4260 nostris
698 4200 850 4262 codicibus
875 4219 933 4260 non
958 4201 1137 4280 invenimus,
1165 4183 1337 4279 saepissime

168 4300 311 4377 scriptum
347 4300 513 4358 invenimus
541 4317 628 4377 quam
657 4317 744 4378 aegre
773 4299 896 4358 ierimus
920 4298 1047 4357 'sormam
1076 4305 1258 4358 contractam
1288 4283 1336 4377 ἦν.

167 4395 223 4455 Sed
253 4413 311 4454 rron
340 4396 379 4454 ita
409 4392 557 4472 analogiae
585 4402 615 4453 et
638 4397 846 4472 grammaticae
870 4396 992 4455 rationis
1016 4394 1144 4456 circulos
1167 4394 1257 4456 dubia
1281 4395 1336 4456 fide

167 4493 302 4554 codicum
332 4500 362 4552 et
390 4490 557 4552 traditionis
581 4490 695 4551 turbari
724 4493 867 4572 sinemus,
897 4499 930 4552 ut
957 4491 1106 4573 Meyerum
1134 4491 1335 4555 Naucliumve
