3276 5090
647 405 862 469 -33-

164 568 281 629 decimo
313 568 428 629 adiecto
461 576 541 629 arcte
574 568 712 628 cohaeret
744 570 960 628 incrementum
990 567 1195 645 praecedentis
1222 567 1291 628 libri
1317 568 1339 629 1

163 663 288 746 9-88,
316 683 376 744 quo
404 668 526 726 iuvenes
558 667 674 726 streuui
706 666 741 726 ad
775 665 886 743 vigilias
914 683 1007 744 prope
1035 665 1143 726 lossem
1172 674 1337 726 castrorum

165 764 296 841 agendas
326 763 512 843 delegantur,
549 762 695 824 insulsum
728 771 826 823 autem
858 761 914 822 hoc
947 762 1177 823 additamentum
1211 781 1276 824 esse
1309 771 1339 824 ot

165 866 268 942 inepte
301 871 452 922 auctorem
481 863 560 944 cius,
592 881 660 922 cum
693 860 816 922 consilio
849 861 1017 938 principum
1041 862 1209 920 contionem
1237 860 1339 939 populi

163 963 284 1020 inverso
309 960 421 1039 ordine,
445 967 533 1038 utque
557 962 587 1020 in
606 958 682 1019 libro
702 959 833 1051 secundo
854 959 963 1018 lactum
982 957 1125 1039 ridemus,
1147 959 1339 1037 praemittere

165 1057 268 1137 rellet,
296 1059 325 1117 in
355 1059 492 1118 contione
521 1049 643 1139 (ἀγορῇ
673 1075 696 1116 v.
728 1050 785 1139 11)
813 1057 963 1134 principes
991 1052 1189 1133 alloquentem
1217 1048 1257 1135 (v.
1285 1049 1339 1135 ll)

166 1157 414 1232 Agamemnonem
440 1154 555 1234 iecisse,
579 1153 742 1232 prudentes
765 1152 879 1212 iudices
902 1153 959 1230 ipsi
978 1154 1116 1232 sentient,
1140 1153 1340 1230 superstitiosi

167 1253 290 1312 unitatis
300 1252 473 1312 defensores
482 1269 519 1311 ne
530 1250 692 1311 subtilitate
705 1249 823 1328 quidem
834 1258 1085 1330 argumentorum,
1096 1248 1339 1330 quaeBeldxcruS,

166 1349 251 1409 llum.
275 1348 317 1408 ΒΙ.
340 1348 366 1407 ll
390 1346 433 1408 34
457 1367 501 1428 sq.
525 1350 673 1429 exposuit,
697 1351 726 1408 iu
751 1350 898 1408 contraria
922 1355 1018 1408 castra
1042 1347 1235 1408 deducentur.
1244 1341 1268 1430 ¹)

258 1446 333 1506 Ludi
357 1445 496 1506 funebres
524 1446 561 1505 Ψ
583 1442 772 1526 eet-sut,
798 1447 931 1523 quamvis
954 1446 1106 1522 ingeniose
1131 1464 1181 1505 eos
1204 1446 1340 1504 inventos

166 1553 197 1604 et
234 1553 370 1603 narratus
406 1546 513 1603 merito
547 1542 710 1604 Schillerus
742 1550 845 1602 noster
876 1536 1048 1625 laudarit2),
1085 1551 1183 1602 temen
1216 1541 1262 1602 ab
1284 1541 1340 1602 alio

165 1651 253 1723 poeta
279 1643 444 1701 recentiore
468 1649 602 1718 tempore
626 1642 784 1719 compositi
811 1659 876 1701 esse
905 1641 1050 1702 videntur.
1097 1640 1170 1701 Nam
1198 1649 1233 1704 ut
1259 1659 1342 1720 prae-

167 1750 278 1800 teream
303 1742 550 1818 Agamemnonem
574 1747 604 1799 et
628 1738 808 1820 Diomedem,
832 1750 980 1818 tamquam
1005 1740 1093 1799 tertio
1118 1747 1186 1800 autc
1210 1740 1257 1800 die
1284 1757 1341 1800 non

167 1838 314 1897 vulnerati
350 1845 451 1897 essent
488 1855 584 1916 neque
621 1840 755 1916 proximo
790 1837 837 1897 die
870 1836 1071 1899 claudicantes
1103 1837 1138 1897 ad
1173 1839 1341 1898 contionem

167 1938 327 2016 venisseut,
346 1935 470 2012 integris
490 1934 603 1995 viribus
623 1939 784 1996 certamina
804 1936 941 1995 ineuntes
961 1953 1064 2012 parum
1079 1943 1146 2012 apte
1162 1935 1242 2014 tingi,
1261 1943 1343 1995 certa

166 2034 343 2094 recentioris
376 2033 500 2112 originis
530 2032 706 2093 documenta
739 2041 809 2093 sunt
843 2032 902 2092 duo
935 2034 991 2092 riri
1025 2033 1182 2110 insiguiter
1218 2033 1248 2091 iu
1287 2031 1342 2090 hoc

167 2133 299 2190 carmine
330 2129 440 2190 laudati
468 2129 610 2191 Eumelus
637 2129 755 2191 Admeti
782 2130 860 2191 lilius
888 2138 919 2190 et
946 2128 1046 2209 Epeus
1070 2128 1230 2190 fabricator
1253 2127 1344 2207 lignei

166 2231 252 2308 equi,
289 2245 416 2307 (puerum
452 2230 483 2288 iu
521 2228 634 2307 reliqua
668 2227 756 2288 iliade
789 2227 920 2306 catalogo
953 2237 1075 2306 excepto
1109 2226 1187 2288 nulla
1219 2245 1344 2306 prorsus

166 2329 279 2386 mentio
303 2326 344 2386 sit.
381 2324 476 2395 Quam
495 2327 575 2386 enim
598 2325 805 2406 imprudenter
824 2326 943 2386 divinus
962 2324 1109 2386 llomerus
1129 2343 1216 2386 suum
1239 2343 1343 2405 poema

167 2426 364 2503 instituisset,
397 2425 423 2483 si
455 2426 534 2484 viros
566 2442 682 2504 pugnae
715 2425 863 2503 equestris
895 2425 1092 2503 peritissimos
1124 2432 1153 2484 et
1189 2421 1344 2502 pugilaudi

168 2521 278 2580 robore
303 2522 454 2600 principes
476 2515 533 2604 (Ψ
549 2519 623 2584 289.
639 2519 719 2604 669)
743 2520 817 2582 nihil
841 2523 959 2582 fortiter
981 2539 1035 2600 pro
1060 2519 1154 2581 salute
1177 2521 1289 2598 patriae
1314 2527 1344 2578 ct

167 2618 313 2678 sodalium
342 2626 506 2701 patrantes,
535 2627 654 2680 strenue
688 2638 720 2680 se
752 2629 891 2698 gerentes
917 2621 949 2678 in
977 2617 1100 2679 ludicris
1129 2615 1344 2676 certaminibus

169 2711 326 2776 tinxisset?
362 2715 507 2776 Prudenti
539 2716 630 2778 iudici
661 2717 734 2778 hacc
767 2717 933 2799 sufficiunt,
967 2735 1024 2796 qua
1053 2715 1089 2776 de
1118 2731 1206 2774 causa
1235 2713 1344 2774 leviora

168 2821 344 2891 argumenta
370 2813 478 2874 addere
502 2813 578 2874 uolo.

259 2908 346 2987 §22
371 2910 466 2972 llubia
481 2931 550 2972 vero
570 2930 657 2990 quam
677 2915 803 2973 maxime
818 2920 864 2973 est
878 2931 966 2974 causa
986 2911 1054 2973 libri
1073 2910 1178 2992 ultimi,
1197 2920 1230 2972 ut
1244 2912 1346 2975 multis

169 3007 248 3068 idem
273 3009 352 3086 quod
378 3009 452 3068 mihi
470 3009 606 3071 accidere
626 3009 768 3089 arbitrer,
792 3018 825 3070 ut
844 3029 912 3070 cum
936 3011 1091 3070 interiecto
1116 3008 1248 3086 longiore
1272 3018 1344 3069 tem-

170 3109 252 3183 poris
286 3105 441 3166 intervallo
474 3108 509 3168 ad
544 3107 666 3168 eandem
700 3109 902 3186 quaestionem
936 3105 1074 3186 redeant,
1107 3105 1165 3166 sibi
1196 3109 1253 3185 ipsi
1286 3124 1345 3166 non

170 3211 310 3265 constent
343 3221 457 3284 suoque
490 3205 601 3266 iudicio
634 3205 792 3266 diffidant·
823 3209 919 3283 Atque
948 3213 1097 3265 recentem
1130 3202 1248 3282 quidem
1277 3203 1345 3262 libri

169 3302 316 3380 originem
332 3319 398 3362 esse
417 3313 537 3382 practer
556 3305 650 3382 ipsam
671 3319 772 3363 rerum
791 3311 926 3362 naturam
940 3301 1033 3362 multa
1051 3300 1187 3381 probant.
1212 3300 1345 3361 Primum

169 3530 261 3581 trstus
282 3531 333 3582 est
367 3525 448 3591 Quod
467 3544 532 3582 vero
547 3525 763 3592 Bueumleiuins,
782 3525 817 3580 de
835 3525 1036 3596 compositione
1051 3525 1147 3580 Iliadis
1166 3544 1195 3595 p.
1212 3532 1254 3592 12,
1275 3525 1345 3578 libro

171 3606 282 3662 decimo
301 3607 455 3662 Homerum
474 3606 592 3677 probare
607 3604 728 3661 voluisse
742 3605 844 3659 statuit
862 3603 1036 3661 ‘tortitudine
1051 3605 1074 3659 si
1088 3606 1165 3660 socia
1180 3605 1346 3661 adhibentur·

172 3686 322 3753 prudentio
340 3687 448 3756 optime
466 3703 511 3741 res
534 3685 615 3756 geri’,
639 3685 692 3738 hoc
710 3683 881 3738 illustratum
900 3687 961 3738 eret
978 3685 1013 3739 sb
1033 3684 1186 3740 Homerida
1204 3685 1298 3754 aliquo
1317 3683 1346 3736 in

173 3767 327 3820 cemomine
346 3765 493 3820 fortissimi
507 3766 626 3821 Achillis
642 3768 671 3821 et
688 3763 899 3836 prudentissimi
913 3764 1032 3834 Ulyssis,
1052 3765 1131 3819 cuius
1146 3765 1251 3819 mentio
1270 3763 1344 3818 fecto

172 3846 263 3900 estin
283 3845 410 3914 Odyssea
427 3849 450 3901 o
470 3853 511 3901 75.

266 3928 291 3994 1)
311 3926 403 3979 Unum
423 3927 476 3981 hoo
494 3927 585 3996 possis
604 3925 746 3993 dubitare,
766 3929 857 3979 unum
877 3927 969 3980 totum
990 3924 1132 3980 exordium
1152 3924 1217 3978 libri
1236 3939 1272 3977 on
1293 3921 1346 3976 soli

173 4021 269 4060 versuo
285 4010 373 4060 9-88
392 4006 544 4060 domitandi
562 4005 630 4072 eint;
650 4005 753 4060 etenim
773 4008 836 4060 octo
854 4006 959 4074 primos
978 4023 1074 4060 vorsus
1093 4023 1148 4059 nou
1168 4004 1258 4058 solum
1276 4002 1345 4057 vitio

173 4101 268 4138 curere
302 4086 350 4140 sed
383 4085 468 4141 etium
501 4085 582 4140 vuldo
614 4085 725 4155 plaeere
758 4087 857 4142 merito
885 4085 1021 4141 iudicarit
1048 4085 1147 4151 lehre,
1181 4084 1215 4137 de
1243 4081 1346 4138 Arist.²

173 4183 201 4233 p.
222 4171 273 4220 ³82
292 4185 345 4234 sq„
370 4181 540 4234 quemquem
565 4182 583 4220 o
603 4167 708 4220 terrore
727 4165 839 4220 illorum
858 4183 990 4220 versuum
1007 4181 1063 4219 non
1081 4165 1147 4232 epte
1166 4161 1201 4216 ed
1221 4160 1346 4232 placidae

174 4244 272 4313 epulas
290 4261 422 4299 versuum
441 4249 546 4299 ott—eo
565 4245 700 4300 transitus
719 4245 779 4298 lieri
797 4244 914 4300 videtur.

263 4327 292 4392 2)
311 4325 423 4392 „Wenn
441 4341 504 4378 meu
524 4325 596 4378 anch
615 4343 668 4378 nur
686 4325 781 4394 gelebt
799 4324 886 4390 hotto,
904 4340 951 4375 um
971 4321 1025 4374 deu
1044 4319 1347 4388 dreiundzwanzigstcu

176 4403 286 4474 Gesaug
310 4406 359 4459 der
377 4404 444 4459 ilios
463 4421 496 4456 zu
517 4403 608 4471 lesen,
633 4421 664 4460 so
687 4405 792 4459 bonate
816 4420 880 4456 meu
903 4401 962 4454 sich
981 4399 1050 4454 iiber
1069 4397 1129 4454 sein
1148 4399 1250 4454 basciu
1269 4399 1349 4454 nieht

178 4482 382 4538 beschworeu.⁸‘
420 4481 521 4537 Confer
538 4481 693 4553 Lehrsium,
712 4484 746 4537 do
765 4480 920 4538 Aristarchi
939 4480 1032 4534 stud.¹
1050 4499 1078 4550 p.
1092 4485 1153 4536 433.

235 4581 288 4622 iliu
306 4581 341 4622 eu
355 4581 439 4623 ouum
1118 4575 1134 4622 3
