3280 5104
652 415 872 481 ...91-

177 577 337 639 Godolrcdi
360 577 523 639 Hermanni
551 581 711 660 sententia,
739 583 790 658 qui
813 583 845 640 in
868 579 1017 658 praeclara
1041 580 1288 640 commentatione
1312 577 1348 637 de

177 675 456 754 interpolationibus
480 675 614 757 Homeri,
639 687 671 739 ut
696 685 852 757 utramque
876 675 1080 738 difficultatem
1105 678 1223 755 vitaret,
1247 674 1349 735 multis

176 783 243 834 ante
267 772 430 834 Hesiodum
459 774 586 836 saeculis
608 775 771 836 Homerum
801 777 906 836 statuit
933 774 993 834 duo
1017 792 1076 834 non
1099 775 1198 851 magni
1221 772 1349 833 ambitos

176 873 307 960 cagmina
329 870 365 930 de
385 873 428 932 ira
448 872 569 933 Achillis
590 871 741 953 Ulixisqua
760 874 860 936 reditu
879 875 1091 954 composuisse,
1115 891 1190 950 quae
1209 871 1349 947 deinceps

175 987 190 1028 a
220 968 324 1029 multis
348 977 463 1030 nacula
486 970 698 1051 paullatiorque
722 982 809 1033 aucta
833 983 922 1053 atque
946 971 1073 1050 expolita
1098 968 1219 1030 Homeri
1243 986 1349 1028 laomen

176 1065 210 1126 ad
235 1075 374 1145 posteros
400 1076 432 1128 ut
454 1079 559 1147 poetae
584 1070 777 1130 vetustissimi
800 1062 1039 1152 propagarent.¹)
1079 1069 1136 1128 Sed
1161 1069 1186 1128 si
1205 1085 1241 1126 ex
1260 1065 1349 1126 lliade

176 1173 278 1225 nostra
307 1183 427 1224 carmen
458 1165 530 1227 iHud
554 1168 793 1246 antiquissimum
816 1166 1038 1246 redintegrandi
1062 1164 1228 1245 perieulum
1252 1164 1350 1242 iacies,

176 1271 228 1323 aut
252 1281 376 1342 prorsus
399 1263 471 1325 iHnd
495 1265 645 1324 interiisse
668 1283 764 1344 neque
785 1263 843 1325 nlla
861 1266 1004 1344 fragmina
1024 1263 1127 1324 relicta
1145 1281 1211 1322 osse
1231 1262 1350 1322 latearis

176 1360 340 1440 oportebit,
370 1369 421 1422 aut
445 1361 537 1423 multo
561 1362 734 1443 arnpliorem
758 1382 846 1443 quam
869 1362 1057 1424 Hermannus
1081 1363 1185 1422 statuit
1207 1358 1349 1420 ambitum

176 1458 205 1518 id
231 1457 371 1518 babuisse
395 1467 425 1519 et
443 1463 587 1538 poenmtis
611 1463 688 1540 epici
707 1463 805 1541 potius
824 1480 913 1540 qnam
932 1463 1072 1522 carminis
1090 1461 1209 1520 nomine
1229 1457 1350 1535 dignum

177 1557 279 1616 luisse.
326 1555 489 1617 Hermanni
517 1560 648 1637 vestigiis
677 1559 808 1619 innitens
831 1557 966 1620 Naberus
990 1561 1019 1620 in
1045 1555 1270 1639 quaestionibus
1293 1553 1349 1614 Ho-

177 1657 298 1716 mericis
321 1675 349 1734 p.
373 1653 437 1716 217
463 1673 572 1736 nuper,
598 1665 632 1718 ut
655 1665 771 1718 veteres
794 1656 892 1718 iliadis
916 1666 1016 1736 partes
1040 1676 1055 1718 a
1080 1653 1297 1718 recentioribus
1320 1661 1350 1712 et

176 1756 393 1814 recentissimis
417 1755 622 1834 distingueret,
641 1763 781 1834 quattuor
800 1762 911 1816 aetates
928 1755 1101 1816 Homericae
1121 1755 1220 1833 poesis
1238 1751 1352 1831 statuit,

177 1871 304 1930 quarum
327 1854 452 1931 primam
476 1871 511 1912 en
535 1851 619 1912 libris
643 1855 686 1926 Α,
709 1851 740 1912 Λ
761 1849 899 1934 1—-595,
925 1856 954 1915 0
972 1851 1156 1915 306-366.
1180 1847 1349 1926 ott—un,

177 1950 222 2024 H,
247 1950 283 2025 P,
307 1949 350 2024 Σ,
378 1949 414 2026 Τ,
440 1948 472 2009 Φ
493 1945 639 2010 sno-X
658 1945 737 2026 393,
760 1949 881 2012 alteram
905 1969 941 2012 en
964 1953 993 2013 B
1019 1947 1159 2030 1-483,
1181 1947 1212 2009 Γ
1234 1943 1351 2022 1-14,

180 2050 212 2109 Δ
235 2041 411 2126 tua-on,
433 2047 478 2124 E,
504 2046 546 2124 Z,
571 2045 607 2106 H
630 2043 772 2125 1-309,
796 2049 914 2108 tertiam
938 2069 973 2110 ex
997 2049 1037 2110 H
1054 2047 1228 2124 310-nn,
1252 2045 1295 2120 o,
1320 2042 1349 2102 Α

177 2143 353 2224 aut-nn,
375 2143 431 2221 Μ,
457 2143 506 2220 Ν,
529 2139 571 2222 Ξ,
597 2144 626 2203 O
650 2140 788 2206 1-305.
811 2142 1001 2228 367-673,
1024 2153 1159 2226 quartam
1183 2161 1219 2203 ex
1242 2142 1277 2219 1,
1308 2139 1350 2216 K,

181 2242 288 2303 Τ-Φ
310 2238 389 2322 525,
412 2241 454 2321 Ω,
481 2241 519 2301 Ψ
539 2249 675 2302 constare
699 2243 739 2303 ita
764 2240 868 2322 voluit,
896 2251 929 2304 nt
951 2245 1074 2322 insuper
1097 2241 1180 2302 lliadi
1204 2239 1350 2320 perfectae

179 2349 281 2420 postea
306 2338 551 2418 interpolationes
574 2338 716 2417 quasdam
739 2346 770 2399 et
788 2339 935 2418 catalogos
954 2349 984 2402 et
1003 2339 1182 2420 colloquium
1202 2336 1351 2398 Diomedis

179 2457 213 2499 ac
242 2437 345 2498 Glauci
377 2438 538 2496 accessisse
572 2435 693 2498 diceret.
739 2435 827 2497 Vides
853 2436 955 2498 batavi
982 2438 1146 2499 doctissimi
1174 2437 1349 2498 senitentiam

180 2554 239 2596 non
263 2532 337 2595 nibil
361 2552 430 2594 cum
453 2541 554 2594 nostra
577 2537 749 2614 convenire,
778 2534 829 2594 sed
854 2553 951 2614 neque
975 2534 1023 2596 ille
1047 2536 1218 2614 gravissima
1242 2532 1350 2592 indicia

180 2633 313 2694 diversae
340 2633 466 2711 priginis
494 2632 623 2709 partium
651 2631 763 2712 lliadis,
791 2631 949 2712 Lyciorum
978 2633 1044 2694 dico
1072 2631 1293 2710 ambiguitatem
1321 2635 1351 2687 et

181 2730 356 2792 Scamandri
383 2728 514 2788 fluminis
542 2747 678 2810 cursum,
706 2729 867 2813 indagavit,
896 2749 993 2811 neque
1021 2728 1169 2810 quomodo
1193 2727 1248 2788 alia
1271 2735 1351 2786 aetas

181 2829 231 2889 alii
250 2829 420 2906 superstrui
438 2827 569 2905 potuerit
588 2825 751 2908 explicavit,
770 2847 867 2908 neque
886 2830 1014 2908 denique
1035 2829 1165 2908 vestigiis
1179 2826 1351 2887 imitationis

181 2925 378 2986 reconditisve
407 2924 525 2985 indiciis
554 2942 655 2984 rerum
683 2927 794 3003 pariter·
822 2927 932 3006 ubique
961 2928 1069 2987 mentis
1098 2927 1191 2986 aciem
1215 2923 1349 2984 advertit

269 3041 289 3118 ξ
313 3037 365 3101 45.
404 3040 465 3100 lam
488 3059 569 3101 meas
592 3043 722 3101 rationes
746 3043 772 3100 si
796 3059 930 3120 quaeras,
952 3040 1044 3101 habes
1068 3042 1196 3119 primurn
1222 3046 1351 3099 veterem

181 3140 314 3220 lliadcm,
343 3141 434 3199 certis
463 3155 563 3198 rernm
592 3146 622 3198 et
649 3141 791 3200 orationis
817 3139 936 3199 indiciis
960 3139 1188 3216 redintegratam
1212 3147 1242 3197 et
1265 3138 1352 3196 iustis

181 3237 317 3316 partibus
331 3237 457 3315 perlecti
471 3237 615 3314 poematis
631 3231 774 3319 (τελείου
788 3229 985 3319 ποιήματος)
1000 3235 1159 3316 expletam3
1170 3236 1258 3296 ,deest
1272 3237 1351 3294 enim

216 3389 393 3396 ...--.——---

182 3465 274 3518 atomo
296 3464 347 3516 not
370 3459 522 3529 originally
545 3457 687 3532 dissigned
711 3461 755 3516 for
772 3463 821 3516 tbe
840 3461 936 3530 places
955 3460 1046 3516 which
1065 3461 1132 3528 they
1151 3475 1215 3512 novr
1234 3475 1349 3528 occupy,

181 3543 308 3598 involves
326 3559 359 3594 ns
377 3541 407 3594 in
424 3556 485 3594 new
505 3539 560 3594 and
578 3540 762 3597 inextricable
780 3541 952 3611 difficulties,
970 3542 1051 3594 when
1070 3557 1111 3595 vva
1131 3539 1196 3594 seelr
1215 3543 1246 3594 to
1265 3538 1349 3593 eluci-

181 3623 246 3676 data
266 3622 356 3676 either
375 3621 424 3674 the
443 3619 525 3675 mode
545 3621 576 3674 ol
593 3621 767 3676 coalescense
786 3639 818 3676 or
836 3623 885 3676 the
905 3621 1006 3692 degree
1025 3621 1057 3675 ol
1068 3621 1189 3689 existing
1203 3621 1282 3687 unity
1297 3621 1349 3673 etc,

183 3703 237 3757 Sed
257 3703 329 3756 alter
348 3717 460 3769 quoqne
479 3700 587 3769 Anglns
606 3700 835 3771 Pano-Knight,
855 3701 923 3756 lieet
940 3701 968 3756 in
987 3701 1184 3770 impugnandis
1203 3699 1350 3753 Wolfianis

180 3781 295 3852 placitis
314 3779 388 3835 insto
408 3779 526 3835 calidior
544 3780 638 3848 luerit,
655 3781 727 3836 bene
746 3783 841 3836 tamen
859 3781 1000 3836 cardinem
1019 3798 1116 3835 eornm
1133 3778 1350 3834 infirmissimum

180 3878 241 3916 esse
261 3860 392 3931 exposuit
408 3860 438 3914 in
456 3860 661 3931 prolegomenis
681 3879 747 3917 suae
766 3861 898 3918 editionis
913 3879 936 3915 e.
953 3859 991 3914 lll
1006 3863 1036 3914 et
1049 3861 1088 3929 Χ,
1106 3859 1170 3915 vide
1185 3877 1269 3928 snpra
1283 3865 1351 3924 ξπ.

271 3944 298 4010 1)
317 3941 436 3996 Wolliue
454 3939 483 3994 in
502 3941 675 4010 praelatione
690 3941 785 3996 iliadis
805 3959 830 3998 a.
847 3947 915 3995 rtet
929 3943 975 4010 (=
990 3940 1090 3995 Kleine
1105 3939 1246 3994 Schriften
1260 3941 1272 3992 l
1286 3943 1352 4006 211)

181 4020 304 4076 similem
328 4021 498 4075 sententiam
522 4021 683 4076 Hermanno
705 4021 761 4075 mm
784 4020 956 4090 praeiverat,
982 4038 1046 4075 cum
1069 4021 1190 4076 diceret:
1218 4019 1350 4088 quoniam

181 4103 288 4158 certum
308 4103 351 4156 est
369 4103 431 4154 turn
449 4099 478 4154 in
492 4099 580 4156 Iliade
599 4102 660 4156 tum
678 4099 709 4155 in
723 4099 848 4170 Odyssea
861 4116 952 4154 orsam
968 4101 1053 4156 telam
1069 4103 1098 4154 et
1111 4100 1233 4155 deducto
1245 4099 1350 4167 eliqua·

181 4185 265 4237 tenus
283 4180 333 4234 iila
351 4195 411 4235 esse
431 4197 448 4234 a
466 4183 541 4248 vate,
560 4179 608 4249 qui
626 4179 755 4251 princeps
774 4180 810 4234 ad
829 4180 983 4235 canendum
1003 4181 1166 4246 accesserat,
1185 4179 1352 4235 fortassean

181 4259 369 4332 probabiliter
392 4258 504 4328 quidem
528 4259 716 4315 demonstrari
739 4259 857 4328 poterit,
876 4259 977 4330 quibus
996 4259 1065 4313 locis
1084 4257 1260 4328 potissimum
1279 4277 1353 4314 nova

181 4339 341 4395 subtemina
364 4342 394 4394 et
416 4339 498 4393 limbi
516 4341 683 4409 procedant:
708 4342 739 4394 at
757 4339 786 4394 id
805 4345 914 4404 tarnem
932 4337 962 4392 ni
981 4337 1072 4404 fallor,
1091 4339 1196 4407 potsrit
1214 4339 1301 4408 effici,
1321 4342 1354 4394 nt

183 4419 290 4488 liquido
322 4421 471 4488 appareat,
504 4419 625 4473 Homero
658 4418 729 4472 nihil
761 4423 871 4489 praeter
898 4418 1032 4473 maiorem
1060 4420 1169 4486 partam
1198 4419 1351 4475 carminum

185 4499 363 4554 tribuendum
380 4514 448 4566 esse,
464 4496 739 4566 reliquaHomeridis
749 4499 923 4568 praescripta
931 4497 1102 4554 lineamenta
1110 4501 1350 4570 persequentibus.
