3280 5104
668 357 907 422 -103-

198 519 337 597 digammi
365 521 410 580 vis
438 538 453 579 a
477 517 610 580 bentleio
634 528 753 599 reperta
777 531 807 582 et
830 524 912 600 origo
935 525 1035 602 graeci
1058 527 1204 586 sermonis
1227 545 1369 605 gramma·

198 618 254 677 tica
278 619 477 695 comparativa
502 617 647 679 illustrata
672 627 728 700 est,
750 620 837 680 nobis
861 620 946 700 longe
966 623 1097 700 apertior
1116 624 1161 682 ria
1180 632 1262 702 patet
1281 643 1369 703 quam

197 714 369 775 Aristarcho
394 715 604 796 veteribusque
623 720 832 795 grammaticis.
869 718 933 790 Qua
952 718 988 779 de
1008 737 1096 780 causa
1116 729 1247 782 nostram
1267 741 1369 783 curam

195 816 330 894 angustis
359 812 499 875 cancellis
523 813 727 884 bristarobeae
756 816 907 876 doctrinae
931 815 1075 876 inclusam
1100 817 1248 880 noluimus
1272 839 1368 902 neque

195 914 289 990 magis
324 921 423 974 vetera
454 912 560 973 menda
591 912 756 974 emaculare
786 931 874 994 quam
901 912 1091 976 librariorum
1119 934 1238 978 errores
1267 919 1368 979 tollere

194 1010 293 1072 adnisi
320 1029 433 1072 sumus.
479 1010 607 1072 Omnino
636 1019 735 1071 autem
764 1012 888 1072 rationis
915 1009 1013 1072 lucem
1042 1029 1110 1073 cum
1134 1013 1164 1073 in
1188 1017 1270 1075 omni
1293 1019 1368 1076 vitae

193 1128 304 1188 genere
329 1118 392 1170 tum
417 1112 447 1170 in
471 1109 526 1170 bac
549 1126 623 1169 nova
643 1108 764 1170 llomeri
783 1109 912 1170 editione
931 1107 1105 1188 plusquam
1125 1111 1261 1174 codicum
1280 1111 1368 1173 tidem

192 1210 515 1286 grammaticorumque
539 1208 745 1268 anctoritatem
765 1207 851 1268 nobis
870 1205 997 1267 valuisse
1017 1205 1108 1268 bbere
1129 1210 1269 1292 latemur;
1293 1230 1367 1292 quae

192 1324 252 1385 quo
274 1305 404 1386 tendant,
423 1304 618 1383 sequentibus
636 1306 784 1384 capitibus
803 1304 974 1392 singillatim
993 1323 1184 1388 exponemus,
1203 1308 1252 1369 bic
1267 1329 1367 1389 pauca,

192 1423 269 1484 quae
288 1403 324 1464 ad
340 1403 517 1464 emendandi
530 1421 632 1464 curam
647 1405 816 1465 universam
830 1405 991 1484 pertinent,
1005 1401 1091 1463 nobis
1105 1405 1264 1482 praefanda
1283 1417 1361 1468 sunt.

281 1501 302 1579 ἐ
325 1497 377 1564 53.
415 1502 596 1581 Apparatum
614 1503 752 1564 criticum
772 1502 862 1562 huius
881 1500 1020 1561 editionis
1039 1517 1096 1560 non
1117 1499 1211 1562 solum
1231 1503 1367 1566 codicum

192 1601 336 1662 lectiones
364 1601 468 1680 varias,
496 1598 547 1660 sed
576 1599 666 1660 etiam
694 1601 805 1678 ingenii
833 1598 943 1660 lumina
972 1597 1129 1676 complecti
1157 1617 1260 1662 omues
1283 1611 1365 1682 grato

190 1702 288 1760 animo
313 1705 489 1776 accepturos
512 1715 578 1758 esse
601 1697 728 1779 conlido,
752 1715 828 1778 quos
851 1695 1049 1756 volirminosas
1068 1696 1364 1778 orthographicarnm

187 1798 456 1876 discrepantiarum
498 1812 694 1874 errorumque
736 1794 903 1856 scribarum
945 1793 1107 1872 farragines
1145 1795 1297 1877 perlegere
1335 1807 1365 1860 et

192 1898 306 1974 magnis
330 1894 470 1972 expensis
494 1909 592 1952 emere
611 1890 718 1951 taedet.
757 1889 865 1954 Verum
886 1893 974 1951 etiam
993 1908 1082 1951 curae
1102 1893 1232 1975 criticae,
1256 1895 1365 1974 quibus

190 1993 318 2055 solidum
355 1991 409 2051 hac
442 1987 571 2049 editione
604 1989 828 2050 fundamentum
861 2005 965 2067 parare
999 1985 1090 2068 volui,
1131 2007 1189 2050 nou
1223 1995 1361 2072 exiguum

192 2095 321 2154 fructum
349 2107 385 2148 ex
413 2087 595 2148 coniecturis
622 2087 754 2148 virorum
784 2086 939 2147 doctorum
962 2084 1058 2147 allatis
1082 2087 1208 2165 capient.
1255 2089 1363 2153 llnltos

191 2193 278 2268 enim,
297 2205 394 2267 neque
414 2185 509 2248 solum
529 2185 683 2264 Gobetum,
703 2186 754 2264 qui
772 2183 897 2244 aliorum
915 2182 1132 2263 philologorum
1150 2189 1363 2252 tentaminibus

192 2287 334 2366 neglectis
372 2286 474 2365 quavis
511 2282 624 2362 pagella
661 2281 749 2342 bilem
788 2289 965 2360 commoret,
1002 2283 1188 2345 coniecturas
1224 2303 1362 2365 promere

192 2387 283 2465 video,
308 2402 383 2463 quae
403 2382 514 2443 dudum
533 2380 580 2441 bis
599 2389 704 2461 terque
723 2381 760 2442 ab
779 2379 843 2442 aliis
864 2381 1032 2460 propositae
1051 2389 1128 2442 sunt.
1167 2382 1361 2462 Superiorum

191 2492 288 2544 autem
317 2479 535 2562 philologorum
564 2481 753 2560 commentis,
778 2497 853 2557 quae
877 2477 997 2558 quidem
1021 2497 1080 2538 non
1104 2478 1249 2541 oblivione
1274 2482 1361 2544 obrui

190 2588 354 2659 merentur,
382 2577 514 2640 collectis
542 2578 600 2636 iam
628 2576 781 2638 habebunt
804 2584 952 2637 nostrates
976 2575 1124 2656 homines,
1153 2577 1261 2656 quibus
1285 2598 1360 2642 nova

186 2688 214 2741 et
239 2679 360 2740 meliora
384 2683 600 2756 superstruant.
637 2675 699 2738 llac
724 2695 791 2736 vero
815 2675 852 2735 de
873 2693 962 2736 causa
982 2676 1162 2736 coniecturis
1181 2693 1239 2736 non
1261 2677 1355 2740 solum

189 2779 305 2839 nomina
338 2782 505 2836 auctorum
525 2772 634 2854 adieci,
671 2774 723 2834 sed
757 2776 859 2854 etiam,
892 2775 917 2833 si
951 2789 1011 2833 non
1043 2772 1079 2832 ab
1112 2773 1226 2841 editore
1259 2775 1358 2855 aliquo

187 2876 280 2936 laetae
308 2880 402 2952 erant,
426 2868 543 2950 liberam,
568 2872 598 2930 in
621 2889 681 2950 quo
705 2891 840 2951 qrraeque
864 2873 1015 2951 proposita
1039 2881 1091 2932 aut
1115 2875 1287 2934 confirmata
1311 2877 1358 2956 sit,

187 2973 314 3034 indicari
337 2970 430 3032 duces
453 2970 641 3048 potissimum
665 2977 786 3030 secutus
810 2968 966 3030 lientzium
990 2977 1020 3030 et
1040 2968 1263 3051 Beniclrenium,
1287 2992 1359 3051 quo-

187 3089 253 3132 rum
282 3069 372 3149 largis
399 3068 494 3147 copiis
517 3069 647 3146 egregie·
660 3085 706 3128 me
730 3067 863 3129 adiutum
887 3085 952 3128 esse
975 3076 1059 3146 grmo
1083 3070 1180 3128 arriano
1204 3071 1357 3132 conliteor.

185 3169 324 3230 Ceterum
356 3185 394 3227 ne
426 3167 514 3227 nimis
542 3174 728 3226 accresceret
756 3165 884 3226 ambitus
911 3168 1205 3247 commentariorum,
1239 3172 1356 3230 nomina

185 3283 302 3346 eorum,
337 3267 390 3344 qui
417 3265 598 3325 coniecturis
626 3263 752 3326 aliorum
779 3281 849 3324 suos
877 3261 1006 3324 calculos
1034 3262 1207 3324 adiecerunt
1235 3265 1279 3325 vel
1308 3283 1357 3327 eas

185 3363 400 3426 confirmabant
423 3371 474 3424 aut
496 3361 716 3443 improbabant,
742 3361 854 3422 reierre
878 3360 1042 3439 supersedi.
1089 3361 1147 3422 Sed
1171 3365 1214 3423 sie
1238 3381 1357 3444 quoque

185 3479 323 3541 magnum
347 3460 420 3521 haec
443 3477 513 3538 pars
536 3461 633 3520 critici
657 3466 814 3538 apparatus
838 3459 911 3518 milri
934 3458 1064 3519 laborem
1090 3469 1119 3520 et
1138 3461 1267 3522 taedium
1287 3463 1357 3522 lecit

184 3569 215 3621 ct
238 3569 337 3621 tamen
360 3575 474 3638 vereor,
498 3564 531 3617 ut
554 3556 710 3617 desideriis
730 3560 861 3618 virorum
880 3556 1035 3618 doctorum
1055 3556 1141 3635 plene
1161 3560 1355 3646 satisfecerim

184 3661 289 3739 etqui
313 3659 427 3738 primus
451 3657 652 3716 coniecturam
677 3671 825 3733 quamque
849 3655 1051 3734 proposuerit,
1074 3655 1213 3734 indagare
1238 3674 1355 3734 semper

184 3757 256 3818 mibi
280 3755 447 3834 contigerit.
485 3751 596 3822 Quodsi
620 3751 769 3812 doctiores
793 3751 885 3812 bonas
909 3752 1130 3813 emendationes
1153 3753 1202 3814 laio
1226 3753 1284 3813 illic
1309 3773 1355 3813 mc

183 3856 294 3934 fugisse
316 3859 368 3914 aut
391 3850 428 3912 ab
451 3849 507 3911 alio
531 3852 614 3930 prius
637 3849 766 3930 prolatas
790 3869 855 3912 esse
879 3857 1012 3932 arguent,
1036 3850 1111 3910 bona
1137 3868 1183 3910 me
1207 3849 1354 3911 voluntate

161 3959 355 4030 ‚excusatum
388 3948 484 4008 velim.
530 3947 619 4009 lllnlta
653 3965 723 4008 vero
755 3955 936 4010 tentamenta
969 3949 1066 4009 sciens
1095 3949 1247 4027 praeterii,
1281 3949 1353 4009 adeo

182 4053 261 4112 enim
299 4049 355 4108 ¹viri
391 4046 473 4108 docti
505 4048 536 4106 in
568 4045 761 4108 sollicitandis
792 4047 952 4108 verborum
984 4047 1087 4106 lormis
1119 4054 1149 4104 ct
1180 4044 1354 4107 damnandis

182 4147 318 4208 versibus
354 4147 429 4207 lines
462 4143 578 4205 sobriae
610 4143 782 4225 disciplinae
816 4147 930 4224 egressi
962 4151 1045 4222 sunt,
1078 4151 1111 4203 ut
1143 4141 1257 4202 nullum
1291 4145 1353 4204 lere

182 4263 300 4307 versum
323 4246 502 4304 intentatum
525 4241 717 4304 dimitterent.

269 4338 366 4420 §54-
412 4340 469 4411 Qui
497 4357 614 4404 mecum
641 4344 750 4403 rationi
778 4343 845 4421 plus
875 4357 962 4419 quam
987 4339 1140 4400 codicibus
1163 4357 1195 4400 se
1220 4341 1352 4404 tribuere

182 4441 298 4522 dicunt,
331 4441 454 4500 forsitan
489 4457 535 4499 me
568 4438 639 4500 mibi
672 4448 809 4501 constare
843 4446 951 4516 negent
983 4445 1013 4496 et
1040 4437 1190 4516 analogiae
1218 4457 1352 4520 normam
1461 4461 1464 4466 ·
