3280 5104
762 409 983 476 -9g..

287 574 446 635 verborum
469 576 557 634 variis
577 573 753 634 lectionibus
772 575 1033 652 grammaticorum
1052 573 1256 654 librorumque
1275 577 1460 655 manuscrip-

287 682 386 733 torum
419 669 550 732 collectis
582 671 756 732 substruere
790 680 831 750 et,
865 689 940 750 quae
973 671 1191 732 recentioribus
1223 671 1380 752 philologis
1409 682 1460 735 aut

288 773 399 849 ingenii
422 771 561 830 acumine
590 777 641 829 aut
664 768 782 830 dicendi
805 787 864 830 usu
887 771 1054 848 accuratius
1078 772 1276 850 pervestigato
1299 789 1459 852 persanare

288 870 422 948 contigit,
445 867 586 927 adnotare
610 865 697 926 nohis
719 868 937 944 proposuimus.

375 964 476 1046 hunge
495 963 676 1025 uberrimam
695 971 725 1024 et
745 962 931 1024 utilisshnam
950 966 1037 1026 crisis
1052 964 1225 1027 Homericae
1244 965 1458 1045 supellectilem

287 1083 353 1126 esse
377 1065 472 1123 rarias
496 1062 638 1123 lectiones
661 1063 693 1122 in
712 1060 832 1122 scholiis
851 1060 1115 1123 Alexandrinorum
1135 1064 1308 1124 criticorum
1328 1074 1459 1126 serratas

287 1160 400 1222 dudum
432 1163 510 1221 inter
543 1161 622 1219 viros
654 1158 757 1219 doctos
787 1167 911 1220 constat.
959 1159 1059 1239 ltaque
1087 1160 1141 1221 has
1168 1162 1296 1239 primurn
1325 1165 1458 1224 omnium

287 1258 373 1320 nohis
397 1256 575 1340 colligendas
598 1264 628 1315 et
652 1254 812 1315 enotandas
835 1273 900 1316 esse
925 1256 1076 1337 duximus,
1100 1257 1131 1318 id
1154 1258 1233 1337 quod
1257 1267 1325 1337 post
1348 1259 1459 1320 scholia

287 1356 386 1416 iliadis
414 1374 430 1415 a
459 1353 629 1414 Villoisonio
658 1351 792 1412 liehkero
821 1352 972 1414 uindoruo
1001 1355 1080 1415 edita
1108 1367 1138 1416 et
1165 1359 1299 1436 egregias
1326 1375 1414 1418 curas
1441 1377 1457 1418 a

285 1452 409 1514 Lehrsio
430 1451 657 1512 Friedlaendero
677 1450 822 1526 lloemero
848 1450 912 1512 aliis
936 1455 966 1512 in
990 1452 1037 1512 his
1060 1454 1200 1531 pretiosis
1228 1449 1364 1533 reliquiis
1388 1455 1457 1516 doc·

289 1554 386 1628 trinae
407 1550 673 1611 Alexandrinorum
701 1550 961 1628 grammaticorum
988 1549 1173 1612 illustrandis
1200 1553 1312 1630 positas
1336 1555 1458 1613 nonita

287 1649 412 1712 arduum
442 1649 505 1708 suit.
551 1648 654 1726 Neque
679 1647 735 1707 hoc
758 1650 799 1708 ita
822 1647 903 1728 dico,
927 1657 1075 1728 tamquam
1099 1648 1186 1729 plane
1210 1649 1285 1710 hanc
1308 1652 1462 1711 materiam

287 1747 469 1825 exhaustam
490 1745 636 1826 nihilque,
664 1747 690 1805 si
718 1747 786 1824 quis
814 1745 880 1806 data
904 1763 992 1825 opera
1017 1748 1186 1808 testimonia
1210 1757 1343 1811 veterum
1367 1767 1462 1826 gram-

288 1848 463 1907 maticorum
488 1841 626 1922 colligere
651 1842 734 1923 velit,
760 1842 897 1903 relictum
921 1861 987 1904 esse
1011 1843 1125 1904 discam.
1171 1843 1263 1906 lmmo
1288 1863 1357 1907 vero
1382 1845 1460 1924 quod

288 1962 384 2024 neque
412 1941 501 2003 rerba
529 1939 710 2002 scholiorum
739 1943 912 2002 criticorum
940 1943 1004 2020 ipsa
1026 1944 1233 2025 apposuimus,
1260 1961 1357 2022 neque
1382 1946 1460 2003 varia

289 2040 470 2102 scholiorum
494 2057 617 2119 genera,
644 2037 850 2116 marginalium
873 2037 1108 2100 interlinearium
1132 2040 1391 2120 intermediorum,
1415 2059 1461 2101 ac-

288 2148 389 2201 curate
418 2139 607 2199 distinximus
636 2153 733 2215 neque
756 2153 845 2215 quam
869 2136 926 2196 late
949 2146 1107 2216 praecepta
1130 2138 1294 2198 Aristarchi
1317 2149 1347 2200 et
1369 2137 1461 2198 Zeno-

287 2238 350 2297 doti
372 2235 497 2314 singulis
521 2234 594 2295 loeis
613 2231 704 2294 relata
724 2243 826 2312 patere
846 2235 1001 2295 rideantur
1020 2236 1259 2315 significavimus,
1284 2235 1339 2296 hoe
1358 2236 1424 2296 ideo
1444 2255 1460 2296 a

287 2334 373 2394 nohis
396 2333 507 2393 iactum
531 2334 617 2412 scias,
640 2330 719 2409 quod
743 2333 801 2409 ipsi
819 2331 895 2394 hanc
913 2341 1027 2410 partem
1047 2333 1215 2393 studiorum
1234 2332 1460 2394 Homericomm
1520 2325 1522 2328 ’

287 2433 380 2510 magis
404 2429 599 2490 delibavimus
623 2447 711 2508 quam
732 2427 931 2510 exhausimus,
954 2428 1041 2509 plene
1061 2438 1160 2492 autem
1179 2430 1226 2490 his
1244 2429 1460 2511 philologorum

287 2529 444 2590 desideriis
472 2528 652 2590 lloemerum
679 2545 779 2587 meum
811 2527 955 2606 peculiari
984 2528 1115 2589 editione
1142 2546 1209 2588 mox
1238 2531 1460 2590 satisfacturum

287 2647 352 2690 esse
376 2645 543 2707 speramus.
584 2625 693 2686 Verum
717 2633 815 2686 umen
839 2624 1001 2686 commodis
1025 2643 1129 2686 eorum
1152 2625 1307 2705 lectorum,
1331 2627 1460 2706 quinon

287 2733 346 2786 tarn
365 2725 530 2786 doctrinam
550 2723 816 2784 Alexandrinorum
836 2741 924 2802 quam
943 2725 1073 2783 earmina
1093 2721 1215 2783 Homeri
1233 2726 1296 2802 ipsa
1316 2733 1460 2806 spectent,

286 2824 370 2884 brevi
393 2831 424 2884 et
446 2822 533 2902 plene
558 2820 714 2882 consulere
736 2820 914 2882 studuimus.
951 2820 1032 2892 Quae
1051 2823 1143 2900 igitur
1162 2819 1329 2882 Zenodotus
1349 2823 1460 2884 Aristo·

286 2920 399 3000 phanes
418 2918 609 2980 Aristarchus
638 2936 692 2978 suo
721 2917 860 2998 quodque
888 2918 952 2980 loco
980 2919 1086 2997 legisse
1109 2920 1141 2979 in
1165 2905 1286 2979 scholiis
1308 2919 1461 3000 dicuntur,
1535 2943 1540 2954 ·

286 3018 444 3097 diligenter
467 3017 671 3078 adnotavimus
695 3033 802 3096 neque,
826 3019 852 3076 si
871 3016 942 3095 quid
961 3015 1151 3077 Aristarchus
1169 3019 1201 3078 in
1219 3017 1311 3077 altera
1330 3017 1460 3079 editione

286 3125 416 3178 mutasse
450 3115 593 3195 refertur,
630 3115 760 3174 seientes
792 3114 956 3194 quidquam
986 3115 1252 3194 praetermisimus.
1301 3115 1459 3178 Praeterea

287 3224 317 3274 et
345 3220 478 3275 veterum
507 3212 670 3274 editionum
694 3210 900 3274 Massilioticae
928 3211 1016 3274 Chiae
1041 3212 1164 3291 Cypriae
1178 3211 1345 3291 ·Sinopicae
1367 3216 1459 3294 Argo·

287 3312 359 3372 licae
383 3311 593 3372 Antimacheae
622 3309 778 3390 lectiones,
806 3310 903 3371 sicubi
930 3309 1046 3371 illerum
1076 3313 1221 3391 memoria
1245 3310 1282 3372 ad
1309 3329 1365 3372 uos
1391 3330 1458 3391 per·

286 3413 376 3490 venit,
395 3419 425 3470 et
443 3411 643 3470 recentiorum
663 3410 924 3487 grammaticorum
943 3407 1067 3488 Didymi,
1087 3407 1247 3470 Ptolemaei
1266 3409 1459 3490 Ascalonitae,

287 3509 418 3588 Dionysii
460 3506 587 3586 Sidonii,
625 3503 755 3586 Seleuci,
792 3503 954 3566 Herodiani
996 3523 1071 3585 quae
1107 3507 1138 3566 in
1176 3505 1296 3567 scholiis
1333 3516 1385 3568 aut
1422 3507 1459 3568 ab

286 3605 441 3667 Eustatbio
465 3604 608 3664 lectiones
626 3603 808 3684 relemntur,
831 3621 934 3664 omues
953 3604 1096 3682 appositis
1114 3611 1269 3666 auctorum
1288 3603 1459 3666 nominihus

285 3707 482 3784 inapparatu
506 3703 611 3763 critico
635 3719 650 3760 a
674 3699 759 3762 nobis
783 3700 892 3762 relatae
911 3709 989 3762 sunt.
1026 3699 1108 3771 Quae
1127 3709 1226 3763 autem
1245 3705 1309 3762 sine
1328 3706 1459 3764 auctoris

286 3805 405 3863 nominc
421 3803 517 3862 variae
537 3799 680 3860 lectiones
699 3800 887 3860 circumferri
904 3802 934 3860 in
955 3798 1075 3861 scholiis
1090 3809 1251 3862 narrantur
1265 3791 1459 3882 (aldeardem,

286 3893 476 3982 γράφεται),
499 3915 549 3959 eas
573 3916 627 3958 nos
651 3915 770 3976 quoque
789 3906 859 3958 nota
877 3917 927 3978 γρ.
947 3896 1020 3976 siglo
1040 3898 1160 3978 codicis,
1184 3900 1214 3958 in
1234 3917 1293 3977 quo
1313 3897 1460 3960 scholium

286 3999 426 4079 quodque
440 3999 585 4076 scriptum
600 4004 704 4077 exstat,
718 3996 833 4056 adiecto
848 3986 1030 4076 (ἄθετεῑται
1045 3995 1136 4058 schol.
1149 3999 1188 4077 A,
1201 4015 1251 4078 pp.
1268 3996 1358 4057 schol
1370 3991 1460 4080 Vict.)

287 4096 470 4178 rettulimus,
497 4096 568 4156 licet
594 4113 649 4156 uos
678 4113 737 4155 non
765 4094 875 4173 sugerit
901 4093 1058 4172 plerasque
1083 4111 1119 4154 ex
1143 4095 1341 4156 Aristarcheis
1364 4098 1460 4175 copiis

287 4195 408 4256 fluxisse
432 4203 462 4256 et
480 4203 582 4257 utrum
601 4195 774 4254 Aristonico
788 4203 825 4253 an
844 4191 967 4272 Didymo
987 4193 1090 4252 notitia
1110 4189 1263 4273 debeatur,
1286 4194 1358 4254 satis
1377 4203 1459 4254 certa

288 4296 457 4354 coniectura
487 4293 629 4374 distingui
656 4311 753 4372 posse.
799 4291 932 4371 lienique
963 4307 1039 4370 quae
1066 4307 1126 4350 non
1154 4291 1185 4350 in
1212 4290 1309 4351 doctis
1337 4290 1459 4351 scholiis

288 4391 513 4472 marginalibus,
541 4392 592 4451 sed
621 4409 711 4470 supra
739 4391 847 4450 lineam
875 4397 1010 4450 enotatas
1033 4390 1064 4448 in
1089 4388 1242 4448 codicibus
1266 4391 1460 4450 inveniuntur

288 4487 443 4570 lectiones,
481 4508 530 4548 eas
568 4500 600 4550 ut
637 4490 674 4550 ah
711 4489 770 4550 illis
809 4490 1073 4570 distingueremus,
1110 4499 1259 4567 tamquam
1297 4488 1458 4548 secundam
