3280 5104
750 405 990 468 -112-

283 571 361 644 runt‚
385 563 437 624 sed
461 564 629 641 corruptela
653 581 711 624 non
736 574 795 626 tam
819 576 979 627 exuetere
1003 569 1150 647 scriptura
1174 569 1246 630 laiso
1266 573 1453 652 transcripta,

283 679 370 742 quam
395 681 429 721 ex
454 661 583 722 admixto
608 661 721 740 vulgari
745 681 882 724 sermone
905 675 1060 743 procreata
1083 685 1149 727 esse
1173 668 1299 730 videtur.

371 751 523 840 ἀπηύρας
555 778 591 820 ex
624 750 821 843 daot(s)pa;
853 763 957 823 eodem
991 763 1077 825 modo
1110 773 1199 845 atque
1233 751 1385 844 ἀπούρας
1416 785 1453 828 ex

282 849 494 941 ἀποέ(ε)ρας,
521 850 730 938 πολύρρηνες
753 877 788 918 ex
812 860 1035 940 uolvfpnveg,
1061 855 1189 944 λρήτρα
1213 883 1248 924 ex
1271 859 1452 946 έ(ε)ρετρα,

278 948 376 1032 ,ῥινός
398 974 434 1015 ex
456 947 621 1037 έ(ε)ρινος
643 963 742 1016 ortum
766 975 832 1017 esse
852 960 906 1018 viri
926 959 1007 1020 dooti
1025 963 1225 1042 consentiunt,
1250 962 1328 1022 unde
1347 962 1453 1023 ilume-

283 1070 347 1112 rum
372 1043 518 1132 ἀπεύρας
540 1052 569 1112 Θ
593 1049 656 1114 237
682 1060 712 1113 et
734 1047 891 1135 ἀπεύρων
915 1059 945 1116 Α
963 1055 1037 1120 430.
1060 1058 1082 1120 I
1106 1056 1178 1120 131.
1205 1060 1235 1119 Τ
1250 1057 1302 1122 89.
1325 1061 1362 1120 Ψ
1377 1057 1452 1121 500.

281 1147 355 1210 568.
378 1170 399 1209 ν
425 1146 487 1210 132
511 1149 622 1210 dixisse
646 1153 707 1211 veri
731 1151 826 1212 simile
850 1160 903 1214 est.

370 1244 496 1328 Θρῇκες
518 1256 549 1307 et
567 1243 717 1328 Θρέικες·
741 1249 854 1310 solutae
878 1260 907 1311 et
930 1254 1076 1330 genuinae
1096 1254 1206 1314 formae
1226 1257 1397 1316 memoriam
1416 1256 1452 1316 ad

282 1346 464 1426 Stephanum
501 1345 672 1424 Byzantium
710 1347 836 1408 delatam
873 1369 939 1410 esse
971 1351 1047 1410 inira
1080 1351 1258 1432 videbimus3
1295 1371 1355 1413 uno
1388 1353 1452 1414 loeo

284 1447 314 1506 K
337 1444 402 1506 434
427 1444 539 1506 solutae
564 1445 673 1506 formae
698 1445 841 1526 producta
865 1449 960 1525 prima
982 1445 1091 1526 syllaba
1116 1457 1210 1510 metro
1235 1452 1407 1528 requiritur.

371 1536 550 1622 δηιόωντες
588 1543 616 1602 Α
655 1541 718 1604 153
755 1563 790 1605 ex
828 1536 1015 1623 δηιόοντες,
1052 1539 1217 1625 δηιόωντο
1251 1548 1286 1607 Ν
1317 1546 1382 1610 675
1415 1569 1451 1608 er

283 1633 461 1720 δηιόοντο,
489 1631 714 1718 ἐστρατόωντο
743 1639 776 1701 Γ
796 1638 857 1702 187
883 1660 918 1701 ex
942 1635 1177 1722 ἐστρατόοντο,
1200 1636 1327 1723 ἀρόωσι
1352 1667 1363 1706 ι
1389 1645 1452 1708 108

282 1757 317 1798 ex
351 1729 508 1819 ἀρύουσι,
542 1731 740 1818 ἐστιχόωντο
773 1757 808 1799 ex
844 1732 1051 1819 ἐστιχόοντο,
1089 1734 1225 1821 φόωσδε
1257 1761 1291 1803 ex
1325 1737 1454 1824 φόοσδε

282 1836 439 1913 depravata
464 1853 529 1896 esse
553 1853 607 1895 suo
631 1835 695 1896 loeo
719 1835 997 1897 demonstrabimus.

369 1928 515 2013 στέωμεν
541 1933 570 1992 Λ
593 1931 657 1995 348
682 1942 712 1994 et
734 1934 767 1993 X
787 1931 850 1995 231
875 1953 910 1994 ex
935 1929 1088 2014 στέομεν,
1117 1931 1262 2018 κτέωμεν
1285 1958 1304 2019 χ
1328 1936 1393 2000 216
1416 1960 1453 2000 ex

280 2025 430 2112 κτέομεν,
461 2025 568 2112 ἕωμεν
599 2027 718 2092 Τ402
746 2049 782 2090 ex
811 2025 925 2111 ἕομεν,
952 2027 1085 2114 θέωμεν
1116 2054 1142 2094 ω
1170 2031 1236 2096 485
1264 2055 1299 2096 ex
1327 2032 1453 2118 θέομεν

281 2139 344 2190 orta
370 2130 463 2190 videri
487 2129 562 2190 inira
587 2128 787 2207 probabimus.

370 2219 577 2305 δηκνύμενος
608 2226 630 2286 Ι
662 2223 734 2288 196.
768 2224 788 2287 δ
821 2223 863 2288 59
896 2236 926 2287 et
958 2223 1136 2309 δηδέχαται
1167 2238 1197 2290 et
1228 2223 1367 2310 δήδεκτο
1397 2249 1452 2309 pro

281 2315 497 2402 δεικνύμενος
531 2319 716 2404 δειδέχαται
749 2321 897 2385 δείδεκτο
930 2325 1086 2386 scribenda
1115 2345 1180 2387 esse
1209 2345 1268 2387 non
1296 2330 1360 2388 sine
1390 2329 1453 2388 veri

281 2422 380 2500 speeie
404 2422 531 2481 sortierit
554 2420 593 2482 lo,
618 2421 879 2500 Wackernagelins
903 2424 933 2482 in
956 2422 1038 2482 llezz.
1061 2422 1151 2483 Reitr.
1176 2423 1212 2482 tv
1237 2421 1310 2486 209.

370 2518 389 2596 ξ
413 2516 464 2580 62.
502 2519 700 2580 Transeamus
724 2521 781 2580 iam
805 2519 841 2580 ad
864 2519 937 2580 alios
960 2538 1088 2599 errores,
1111 2523 1164 2600 quii
1187 2524 1294 2600 partim
1318 2523 1450 2582 nondum

282 2618 391 2678 detecti
415 2625 494 2697 sunt,
518 2619 624 2696 partim
648 2617 781 2694 longiore
804 2619 1059 2696 argumentatione
1082 2618 1224 2697 indigent.

366 2704 460 2774 Ἠύτε
484 2733 544 2794 περ
567 2707 693 2794 κλαγγή
717 2707 870 2795 γεράνων
892 2709 982 2776 πέλει
1006 2708 1173 2794 οὐρανόθι
1196 2709 1260 2797 πρό
1285 2710 1333 2796 (Γ
1351 2711 1396 2799 3).

280 2811 374 2872 lloute
407 2810 479 2872 Lud.
513 2810 676 2873 librensius
709 2809 802 2872 Rhen.
835 2811 908 2874 blus.
941 2813 967 2873 ll
1002 2811 1064 2874 166
1098 2805 1265 2894 οὐρανόθι
1298 2809 1370 2894 προό
1406 2813 1449 2874 vel

280 2911 379 2988 potius
413 2899 580 2988 οὐρανόθι
609 2899 682 2995 πρηό
709 2909 926 2971 emendandum
954 2929 1020 2970 esse
1049 2908 1207 2990 intellexit,
1239 2930 1327 2990 quem
1358 2911 1451 2972 lacem

281 3007 497 3086 praeferentem
520 3006 650 3067 editores
669 3025 728 3068 non
753 3023 872 3067 secutos
895 3027 961 3069 esse
984 3017 1037 3068 tuo
1060 3009 1125 3068 iure
1150 3009 1322 3088 indigneris,
1377 3007 1450 3068 Nam

281 3123 376 3183 neque
405 3097 468 3184 πρό
498 3123 566 3164 oum
590 3104 737 3184 adverbio,
762 3104 839 3182 quod
865 3104 982 3166 locativi
1006 3124 1092 3166 casus
1116 3108 1209 3166 vicem
1233 3105 1358 3186 obtinet,
1381 3125 1450 3166 con-

280 3204 361 3280 iungi
390 3211 500 3282 potest,
529 3211 558 3264 et
587 3204 728 3282 temporis
757 3204 893 3262 matutini
916 3212 1001 3264 antea
1025 3205 1082 3263 iam
1106 3205 1286 3265 mentionem
1311 3206 1449 3264 iniectam

279 3317 344 3359 esse
375 3317 476 3360 versus
505 3303 649 3380 septimus
678 3300 764 3360 docet
788 3289 899 3378 ἠέριαι
928 3291 959 3360 δ’
990 3292 1055 3380 ἀρα
1083 3300 1140 3361 ταί
1164 3321 1201 3379 γε
1224 3292 1331 3380 κακήν
1355 3298 1449 3382 ἔριδα

279 3391 515 3476 προφέρονται.

368 3493 479 3555 Eodem
503 3495 589 3556 modo
613 3497 701 3554 etiam
725 3485 813 3573 ήωθι
837 3487 909 3580 πρῴ
928 3495 958 3555 Λ
978 3491 1029 3556 50.
1053 3515 1068 3556 ε
1091 3493 1165 3556 469.
1191 3493 1267 3571 ζ36
1286 3515 1340 3576 pro
1359 3488 1449 3575 ήοόθι

277 3586 342 3674 πρό
371 3593 580 3672 corrigendum
609 3594 672 3653 luit.
719 3591 828 3653 Fraudi
856 3601 953 3654 autem
983 3594 1038 3654 luit
1066 3593 1252 3655 subelectio
1281 3585 1467 3672 οὐρανόθι.

278 3683 343 3772 πρό
359 3693 420 3751 sive
435 3692 550 3751 atrotori
564 3692 625 3750 sive
642 3689 847 3768 interpolatori
862 3709 1001 3752 versuum
1017 3691 1045 3750 Θ
1059 3687 1121 3751 561
1144 3685 1267 3770 Τρώων
1281 3683 1448 3752 καιόντων

278 3780 366 3870 πνρά
399 3787 538 3868 φαίνετο
567 3779 684 3850 Ἰλιόθι
717 3780 798 3866 πρό,
830 3798 860 3848 et
893 3789 930 3849 N
959 3784 1023 3848 349
1056 3778 1158 3867 ήθελε
1190 3781 1275 3849 λαὸν
1308 3779 1449 3850 ὀλέσθαι

275 3878 430 3966 Ἀχαικὸν
454 3877 573 3947 Ἰλιόθι
601 3877 681 3964 πρό,
714 3866 793 3946 ο1’θ
816 3881 879 3947 581
904 3869 925 3965 ή
948 3883 998 3958 τίς
1020 3904 1071 3946 τοι
1094 3879 1149 3944 καὶ
1173 3877 1258 3965 πηὸς
1279 3875 1448 3965 ἀπέφθιτο

276 3975 394 4045 Ἰλιόθι
422 3976 503 4066 πρό,
536 3986 597 4044 sive
624 3974 766 4044 Ἰλιόθεν
793 3976 858 4062 πρό
886 3983 948 4043 sive
973 3971 1071 4042 ’tttoo
1099 3975 1164 4064 πρό
1192 3991 1309 4062 poetam
1337 3982 1448 4042 dixisse

277 4090 329 4142 aut
352 4082 451 4160 dioere
476 4079 614 4143 debuisse
638 4081 756 4140 sentias.
1063 4154 1067 4162 ι

367 4174 465 4259 δήιον
492 4180 523 4240 in
551 4177 682 4240 clausula
711 4195 830 4257 versus,
857 4176 938 4238 velut
967 4178 1003 4238 Π
1024 4173 1088 4238 301
1119 4165 1166 4249 ἀς
1192 4170 1326 4238 Δαναοὶ
1354 4175 1447 4257 νηῶν

277 4269 337 4356 μὲν
371 4266 586 4356 ἀπωσόμενοι
614 4268 712 4357 δήιον
739 4271 822 4356 πῦρ,
855 4282 885 4335 et
913 4273 1019 4354 δηίων
1047 4276 1077 4334 in
1106 4273 1242 4335 versibus
1270 4275 1447 4353 spondaicis,

279 4373 358 4434 velut
384 4373 413 4432 B
441 4371 506 4435 544
538 4367 697 4453 θώρηκας
729 4363 841 4453 ῥήξειν
875 4370 981 4452 δηίων
1013 4362 1099 4451 ἀμφὶ
1132 4364 1314 4450 στήθεσσιν
1347 4381 1448 4450 partes

279 4471 429 4549 anapaesti
462 4469 580 4549 explere
610 4489 710 4551 nemo,
737 4472 789 4550 qui
818 4472 934 4530 aurium
963 4487 1052 4528 sensu
1087 4487 1145 4529 non
1173 4468 1259 4547 plane
1286 4468 1449 4530 destitutus
