3276 5090
657 428 871 492 „15-

177 591 304 669 poteris,
343 599 376 650 ut
413 591 448 650 ad
483 591 742 668 interpolationum
775 591 896 652 latibula
929 593 1096 674 confugias,
1134 612 1201 653 nam
1233 597 1350 656 etiamsi

179 687 339 748 Phoenicis
367 697 467 766 partes
495 707 597 750 omnes
626 692 772 750 exemeris
800 701 830 751 et
859 691 947 750 linem
976 689 1058 770 libri,
1086 709 1144 770 quo
1173 703 1273 770 aperte
1305 696 1349 753 via

175 785 212 870 ad
237 787 464 864 Agamemnonis
493 787 577 865 lacta,
606 786 682 847 libro
712 786 868 847 undecimo
894 787 994 866 relata,
1022 791 1239 868 praemunitur,
1269 809 1347 851 rese-

176 885 286 962 cueris,
309 903 358 943 res
383 893 479 944 tannen
498 884 672 963 principalis
691 885 793 945 eadem
813 895 920 946 manet.
957 885 1029 945 Vide
1049 888 1140 964 igitur
1159 904 1196 947 ne
1215 885 1349 948 Thetidis

177 998 298 1060 quoque
326 983 421 1041 oratio
449 983 490 1042 ita
518 982 660 1061 explicari
687 984 796 1062 possit,
820 993 853 1044 ut
876 982 1031 1061 Legationi
1053 1001 1125 1044 suus
1149 983 1232 1044 locus
1255 1002 1348 1045 rema·

176 1087 254 1138 neat.
290 1079 386 1156 Atque
401 1087 498 1156 potest
512 1079 599 1159 illud3
619 1080 706 1140 111111
722 1083 799 1140 enim
813 1071 964 1161 Ἀχαιοὺς
982 1078 1093 1162 Τρῶες
1106 1075 1143 1142 ἐν
1157 1073 1348 1163 πρύμνῃσιν

176 1170 323 1236 Hellana
353 1184 385 1236 11
413 1178 565 1254 aptissime
594 1178 629 1238 ad
659 1181 835 1256 Argivorum
864 1187 992 1255 stragem
1022 1177 1106 1239 libris
1136 1179 1255 1239 M··O
1283 1178 1347 1240 luse

175 1273 354 1353 descriptam
378 1260 622 1355 relertrntur,'ita
647 1277 736 1336 etiam
760 1276 795 1335 ad
820 1275 932 1335 cladem
957 1285 1059 1337 111111
1083 1274 1159 1336 libro
1180 1275 1262 1336 brevi
1281 1295 1346 1338 nar·

175 1379 279 1450 ratam,
299 1373 435 1450 inprimis
454 1373 489 1433 ad
510 1391 614 1432 versus
634 1373 662 1433 Θ
681 1369 856 1434 336-349
877 1371 954 1431 trabi
973 1381 1107 1452 possunt,
1127 1391 1223 1452 neque
1243 1374 1347 1435 dubito

176 1471 248 1548 quin
276 1468 313 1530 ab
336 1468 461 1531 Thetide
490 1473 553 1550 ipsa
582 1471 673 1531 relata
701 1473 769 1532 sint.
815 1470 912 1531 Locus
940 1472 1031 1548 igitur
1055 1469 1103 1530 ille
1127 1479 1241 1533 tautum
1264 1473 1348 1534 abest

176 1575 210 1626 11
242 1566 328 1626 aliam
360 1567 460 1629 iliadis
492 1571 620 1648 speciem
650 1567 735 1628 nobis
763 1570 887 1648 aperiat,
920 1575 953 1628 11
980 1575 1132 1629 auctorem
1161 1571 1225 1631 eius
1254 1569 1346 1631 libros

175 1666 206 1723 A
229 1663 303 1723 ΘΙ
327 1665 360 1724 ti
380 1667 496 1725 novisse
521 1673 609 1725 1111
633 1683 692 1745 quo
717 1682 795 1725 nuno
820 1665 947 1745 legimus
970 1665 1075 1726 ordine
1099 1675 1233 1728 cantasse
1258 1678 1345 1729 teste-

173 1769 230 1820 tur.
278 1760 338 1822 Cur
371 1771 469 1824 autem
498 1781 547 1823 res
575 1771 674 1841 gestae
704 1762 887 1841 reliquorum
916 1762 1060 1825 librorum
1088 1764 1194 1824 A-o
1221 1768 1346 1826 omissae

172 1861 240 1938 sint,
260 1858 315 1919 boc
334 1878 370 1920 er
390 1859 514 1922 consilio
533 1861 605 1922 deae
620 1879 678 1922 non
694 1863 897 1939 epitomaturis
913 1861 963 1921 vili
977 1879 1100 1922 munere
1116 1861 1274 1940 fungentis,
1294 1863 1345 1923 sed

171 1956 207 2016 ad
218 1955 341 2017 Vulcani
355 1960 484 2019 animum
500 1958 742 2019 commovendum
758 1976 889 2018 summas
905 1977 1004 2019 rerum
1019 1960 1191 2036 attingentis
1206 1961 1277 2019 satis
1288 1962 1344 2039 iarn

173 2053 347 2134 explicatur,
371 2055 530 2116 cohaerere
555 2065 652 2117 autem
677 2058 765 2117 etiam
789 2056 906 2116 1111111
925 2073 992 2116 cnm
1013 2055 1227 2133 rhapsodornm
1246 2065 1344 2134 poeta·

170 2169 298 2230 rumque
327 2151 463 2214 libertate
492 2152 553 2213 vela
582 2151 768 2213 subducendi
796 2161 825 2212 11
843 2151 980 2224 ¹labulam
1005 2155 1035 2213 in
1059 2155 1217 2214 arctiorem
1240 2172 1344 2234 gyrum

170 2249 380 2331 contrahendi,
409 2271 466 2332 qna
491 2251 527 2312 de
551 2269 583 2311 11
607 2253 664 2311 iam
688 2253 718 2311 in
742 2251 799 2311 fine
824 2251 913 2311 buius
937 2252 1029 2328 partis
1052 2251 1282 2329 prolegomenon
1306 2255 1345 2313 ita

171 2347 329 2428 disseram,
358 2356 390 2408 ut
417 2351 547 2427 primum
576 2367 635 2427 quo
663 2347 749 2408 modo
778 2365 872 2408 meam
901 2347 1075 2409 divisionem
1098 2347 1197 2410 lliadis
1225 2369 1343 2430 expres·

170 2448 270 2526 serim,
294 2449 396 2525 paucis
420 2446 601 2508 adumbrem.
1259 2437 1264 2444 ’

259 2542 279 2620 5
307 2542 355 2604 ll.
401 2543 537 2605 Veterem
565 2542 787 2605 distinctionem
811 2539 902 2604 XXIV
926 2543 1084 2622 librorum,
1113 2555 1259 2623 utsupra
1285 2547 1343 2605 iam

168 2642 243 2720 dixi,
276 2644 315 2701 ita
349 2643 473 2720 retinui,
507 2649 540 2702 11
572 2643 720 2720 superiori
754 2643 880 2720 margini
908 2644 1022 2722 graecis
1050 2651 1080 2702 11
1109 2641 1206 2702 latinis
1234 2641 1343 2702 litteris

168 2758 311 2800 numeros
334 2739 479 2800 librorum
503 2738 696 2800 inscriberem
720 2756 883 2817 corumque
907 2757 1011 2800 versus
1035 2743 1065 2799 in
1083 2739 1189 2800 dextro
1209 2741 1340 2817 margine

168 2855 366 2898 numerarem.
412 2836 549 2898 Carmina
577 2835 639 2918 XL,
676 2855 750 2916 quae
779 2839 842 2914 ipsc
871 2855 929 2896 non
957 2839 1101 2898 constitui
1133 2836 1184 2897 sed
1215 2839 1342 2915 restitui,

167 2939 303 2997 numeris
336 2934 463 2996 arabicis
495 2934 531 2995 ad
564 2937 693 3014 primum
727 2953 844 2996 versum
877 2936 1022 3013 cuiusque
1050 2936 1173 3013 paginae
1204 2934 1340 2994 iudicavi.

166 3031 276 3094 lisdem
304 3035 445 3111 inscripsi
473 3031 589 3112 titulos,
619 3031 776 3111 plerosque
805 3039 920 3092 veteres
950 3049 985 3090 111
1015 3030 1163 3092 Eustathii
1193 3047 1340 3090 commen-

168 3133 253 3192 tariis
281 3139 419 3208 receptos
447 3139 479 3190 et
506 3132 531 3190 si
561 3137 675 3189 veteres
704 3147 762 3189 non
791 3128 1002 3208 suppetebant,
1031 3146 1122 3188 novos
1146 3127 1181 3188 ad
1206 3126 1342 3188 similitu-

167 3227 269 3287 dinem
294 3235 427 3288 veterum
452 3227 575 3287 ellictos.
620 3225 776 3287 Praeterea
799 3243 1030 3304 nonnumquam,
1053 3225 1105 3286 ubi
1128 3243 1237 3286 novum
1257 3243 1341 3304 argu-

167 3333 302 3386 mentum
336 3328 483 3407 incipere,
517 3343 591 3384 1111
619 3333 717 3385 autem
745 3327 869 3386 carmini
897 3323 1104 3384 constituendo
1132 3341 1251 3384 causam
1282 3341 1341 3382 nou

168 3424 307 3484 sufficere
332 3422 546 3503 intellegebam,
571 3421 650 3483 velut
672 3423 701 3482 o
719 3419 784 3484 448
809 3431 839 3482 11
857 3422 892 3482 Ν
910 3419 975 3483 344
994 3429 1024 3481 11
1042 3419 1075 3480 Ω
1094 3417 1159 3481 616
1179 3437 1340 3499 paucorum

170 3539 311 3583 versuum
336 3523 496 3585 interstitio
520 3529 619 3600 partes
643 3522 784 3582 carminis
807 3520 921 3581 diremi.

255 3618 318 3680 1111
342 3637 415 3680 nova
435 3620 593 3698 partitione
612 3618 704 3678 multo
724 3621 817 3698 magis
836 3635 924 3697 quam
944 3623 1043 3676 111111
1062 3617 1219 3678 lectionem
1239 3615 1337 3677 iliadis

166 3717 308 3796 adiuvari,
327 3719 388 3776 sire
409 3717 521 3795 siquis
541 3718 571 3776 iu
591 3723 652 3776 toto
671 3725 805 3794 poemate
825 3713 1003 3795 perlegendo
1023 3714 1229 3793 requiescendi
1247 3716 1338 3774 inter-

167 3812 239 3873 valla
268 3823 404 3893 quaerat,
433 3816 493 3874 sive
522 3815 548 3873 si
571 3816 639 3892 quis
662 3816 805 3891 temporis
828 3813 972 3890 angustiis
995 3819 1116 3872 coactus
1140 3827 1339 3890 puerorumve

169 3911 306 3971 tarditate
335 3911 481 3972 adductus
509 3910 620 3990 aliquot
642 3913 772 3972 earmina
797 3908 928 3989 selegere
953 3908 1031 3968 velit.
1077 3909 1139 3970 1111
1164 3908 1288 3969 alterum
1314 3909 1339 3966 si

167 4011 234 4086 quis
268 4009 432 4070 seeundum
466 4019 597 4069 nostram
629 4007 851 4068 distinctionem
884 4007 1048 4066 carminum
1081 4005 1180 4084 laciet,
1217 4006 1338 4082 vestigia

169 4117 301 4168 veterum
326 4107 542 4188 rhapsodorum
566 4115 596 4166 et
619 4105 740 4166 Homeri
763 4107 857 4183 ipsius
881 4103 966 4182 leget.
1013 4103 1091 4163 llaec
1114 4103 1193 4162 enim
1212 4090 1337 4180 'rhapso-

166 4203 273 4266 dorum
292 4213 451 4284 vatumque
470 4203 654 4266 consuetudo
673 4211 745 4284 erat,
765 4212 798 4264 11
815 4211 906 4282 prout
919 4211 1086 4280 temporum
1101 4203 1338 4280 opportunitates

166 4303 371 4363 auditorumve
396 4302 561 4363 voluntates
586 4312 674 4380 atque
698 4301 813 4362 lastidia
837 4299 1008 4378 suadebant,
1031 4305 1083 4358 aut
1107 4315 1198 4358 unum
1218 4317 1337 4360 carmen

167 4398 333 4479 selegerent
361 4410 412 4461 aut
439 4399 541 4478 plures
569 4407 761 4460 contexerent
788 4407 839 4460 aut
866 4397 994 4475 denique
1022 4397 1121 4456 omnia
1148 4396 1193 4458 vel
1221 4406 1336 4459 tantum

167 4513 226 4557 uon
248 4499 347 4558 omnia
371 4499 595 4576 coniungerent.
631 4498 727 4575 Atque
751 4498 776 4556 si
799 4503 913 4573 partem
937 4492 1036 4556 iliadis
1058 4497 1184 4556 recitare
1208 4496 1336 4574 postula·
