3268 5076
307 407 373 470 456
795 410 945 462 mmm:
963 411 987 460 N

307 565 440 646 δεικνὺς
463 571 552 654 σῆμα
574 572 761 653 βροτοῖσιν,
784 564 933 653 άριζηλοι
957 569 997 635 δέ
1015 575 1071 635 λοι
1095 565 1205 652 αὐγαί.

308 671 353 753 ὣς
374 677 436 742 τοῦ
459 672 578 759 χαλκός
601 680 723 759 ἔλαμπε
745 674 820 758 περὶ
842 673 1003 761 ’στήθεσσι
1026 676 1198 752 θέίοντος.

308 779 486 866 Μηριόνης
509 777 541 847 δ’
566 778 631 867 ἀρα
653 788 708 848 ίοι
731 781 891 863 θεράπων
916 781 971 860 έός
993 777 1216 867 ἀντεβόλησεν

262 873 268 884 ’
307 883 404 971 ἐγγὺς
427 891 473 953 ἔτι
496 894 637 972 κλισίης·
661 886 741 972 μετά
766 886 829 972 γὰρ
853 889 938 973 δόρυ
961 887 1100 974 χάλκεον
1122 886 1175 975 ᾔει

306 991 491 1079 οἰσόμενος.
535 991 596 1060 τὸν
621 992 657 1061 δὲ
681 996 832 1080 προσέφη
856 995 978 1074 σθένος
998 992 1203 1080 Ἰδομενῆος·

307 1099 492 1186 ,,Μηριόνη
516 1100 638 1168 Μόλου
661 1103 728 1184 υίέ,
751 1101 858 1180 πόδας
879 1100 976 1188 ταχό,
1000 1097 1136 1185 φίλταθ’
1163 1101 1319 1186 ἑταίρων,

305 1204 388 1273 τίπτ’
415 1198 517 1290 ἦλθες
538 1205 685 1292 πόλεμόν
706 1232 741 1274 τε
764 1207 870 1275 λίπάν
892 1207 947 1273 καὶ
972 1211 1145 1292 δηιοτῆτας

305 1303 347 1397 ήέ
366 1339 397 1378 τι
420 1314 573 1398 βέβληαι,
597 1315 710 1399 βέλεος
733 1315 772 1380 δέ
793 1333 830 1380 σε
852 1319 952 1398 τείρει
975 1311 1102 1399 ἀκωκή,

305 1409 346 1503 ήέ
366 1443 423 1484 τευ
445 1417 604 1506 ἀγγελίην
627 1416 697 1506 μετ’
723 1418 774 1504 ἔμ’
800 1417 940 1504 ήλυθες;
963 1415 1046 1488 οόδέ
1066 1446 1118 1487 τοι
1141 1416 1243 1499 αὐτός

306 1515 409 1610 ἧσθαι
434 1525 483 1592 ἐνὶ
506 1533 651 1615 κλισίησι
675 1532 858 1611 λιλαίομαι,
882 1523 967 1593 ἀλλὰ
991 1525 1187 1612 μάχεσθαι.“

393 1629 452 1699 τόν
477 1629 508 1699 δ’
534 1624 579 1701 αὖ
601 1631 778 1719 Μηριόνης
801 1633 1009 1718 πεπνυμένος
1031 1629 1149 1700 ἀντίον
1172 1629 1275 1718 ηὔδα·

306 1733 497 1823 ,Ἰδομενεῦ
521 1743 664 1824 Κρητῶν
687 1740 878 1824 βουληφόρε
901 1737 1170 1826 χαλκοχιτώνων,

305 1849 456 1930 ἔρχομαι,
480 1853 513 1913 εί
531 1851 566 1912 τί
585 1871 637 1912 τοι
661 1851 755 1931 ἔγχος
778 1846 828 1912 ἑνὶ
851 1852 996 1932 κλισίῃσι
1019 1847 1199 1929 λέλειπται,

305 1951 492 2036 οἰσόμενος·
515 1950 553 2018 τό
577 1978 621 2018 νυ
643 1953 706 2038 γὰρ
729 1951 968 2038 κατείάξαμεν,
994 1947 1012 2018 δ
1036 1953 1115 2034 πρὶν
1139 1957 1289 2039 ἔχεσκον,

305 2054 429 2125 ἀσπίδα
454 2057 645 2146 Δηιφόβοιο
668 2055 782 2143 βαλόν
804 2055 1119 2145 ὑπερηνορέοντος.“

393 2165 452 2233 τὸν
476 2163 507 2233 δ’
535 2156 607 2232 αὖτ’
631 2162 817 2251 Ἰδομενεὺς
841 2169 986 2252 Κρητιόν
1008 2162 1089 2250 ἀγὸς
1111 2162 1228 2232 ἀντίον
1251 2162 1354 2250 ηὔδα·

305 2273 478 2355 ,,δοόρατα
501 2269 547 2355 δ’,
570 2281 609 2338 αί
628 2269 658 2338 κ’
685 2272 870 2358 έθέλησθα,
893 2272 948 2338 καί
972 2276 1009 2340 ἓν
1031 2272 1086 2339 καὶ
1109 2277 1236 2340 άείκοσι
1260 2270 1352 2357 δήεις

304 2375 432 2446 ἑσταότ’
458 2382 494 2446 έν
517 2383 626 2466 κλισίη
650 2377 733 2462 πρὸς
757 2377 881 2446 ένοόπια
904 2379 1172 2464 παμφανόωντα,

307 2483 434 2571 Τριόια,
456 2483 497 2551 τὰ
519 2486 692 2570 κταμένων
715 2482 928 2570 ἀποαίνυμαι.
975 2483 1016 2552 οὐ
1039 2484 1104 2572 γὰρ
1129 2481 1190 2552 όίω

302 2587 439 2679 ἀνδρῶν
463 2591 656 2677 δυσμενέων
678 2590 778 2672 δεκάς
801 2591 976 2679 ἱστάμενος
999 2597 1198 2676 πολεμίζειν·

302 2699 347 2787 τῷ
371 2724 427 2782 μοι
451 2697 599 2785 δούρατά
622 2700 650 2765 τ’
677 2700 822 2766 ἐστικαὶ
847 2696 985 2778 ἀσπίδες
1008 2696 1237 2784 ὀμφαλόεσσαι

302 2802 357 2869 καὶ
380 2802 525 2887 κόρυθες
547 2805 602 2872 καὶ
625 2805 778 2890 θιόρηιιες
802 2803 953 2892 λαμπρὸν
975 2803 1192 2891 γανόωντες.“

390 2907 451 2977 τόν
475 2913 505 2978 δ’
531 2903 576 2978 αὖ
600 2911 777 2998 Μηριόνης
799 2913 1007 2998 πεπνυμένος
1030 2907 1148 2978 ἀντίον
1170 2907 1275 2996 ηὔδα·

303 3022 387 3092 „nal
406 3042 457 3084 τοι
482 3019 553 3103 ἐμοὶ
577 3018 666 3103 παρά
688 3045 722 3086 τε
746 3025 854 3106 κλισίη
878 3019 934 3086 καὶ
956 3018 1013 3102 νηὶ
1036 3023 1174 3104 μελαίνη

301 3119 398 3188 πόλλ’
423 3127 526 3211 έναρα
553 3122 691 3208 Τριόων·
715 3121 787 3192 ἀλλ’
815 3120 856 3192 οό
880 3123 1001 3212 σχεδόν
1025 3127 1114 3192 ἐστιν
1138 3124 1274 3191 ἑλέσθαι

302 3225 382 3295 οὐδὲ
405 3227 469 3316 γάρ
493 3228 568 3299 οὐδ’
595 3231 653 3316 ἐμέ
674 3257 758 3318 φημι
783 3232 987 3318 λελασμένον
1009 3235 1146 3317 ἔμμεναι
1169 3225 1285 3316 ἀλκῆς,

301 3331 384 3402 ἀλλὰ
408 3335 488 3422 μετὰ
512 3335 671 3419 πρώτοισι
695 3338 805 3426 μάχην
828 3335 894 3406 ἀνὰ
917 3336 1135 3423 κυδιάνειραν

300 3443 451 3529 ἰ’σταμαι,
475 3441 598 3512 ὁππότε
621 3459 729 3524 νελκος
752 3443 920 3530 όροόρηται
944 3445 1110 3528 πολέμοιο.

300 3545 403 3616 ἀλλον
426 3549 492 3617 ποό
515 3576 590 3617 τινα
614 3553 742 3636 μᾶλλον
763 3548 903 3636 Ἀχαιῶν
926 3548 1180 3636 χαλκοχιτώνων

301 3652 397 3741 λήθω
421 3653 646 3743 μαρνάμενος,
671 3657 707 3724 σὲ
732 3657 768 3725 δέ
791 3660 945 3743 ίίδμεναι
969 3651 1075 3723 αὐτὸν
1099 3653 1190 3724 όίω.“

374 3796 579 3854 ΞΨΞῊῚ
658 3802 847 3854 245--X82
920 3799 1112 3852 2b0=H29
1190 3802 1400 3853 254=Hssl9

302 3882 469 3932 256=219
542 3884 707 3934 259=221
783 3876 1005 3934 261b=6435
1074 3874 1298 3932 265¹³=T³⁶9
1371 3885 1474 3933 τετε
1588 3905 1589 3910 =

302 3961 354 4012 εει
427 3962 630 4012 ιειειενε
702 3955 924 4013 τεοὺς-σενι
997 3953 1224 4014 τιν’-λου.

371 4096 423 4146 245
443 4090 519 4158 περλι
541 4088 582 4146 ίνλ
602 4093 664 4146 Zeu.
684 4091 824 4161 Aristoph.
845 4122 878 4130 -
898 4086 1038 4159 στήθεσφι
1056 4091 1135 4146 codd.
1154 4090 1223 4145 dett„
1312 4096 1364 4145 245
1383 4087 1475 4161 θερά-

300 4189 360 4224 πων
381 4167 442 4234 έδςε
461 4167 643 4239 δουρικλυτὸς
662 4173 725 4226 Zeu.
780 4177 831 4226 252
851 4167 983 4241 ἀγγελίην
1002 4170 1155 4227 Buttmann
1174 4169 1237 4228 Lex.
1258 4171 1283 4224 ΙΙ
1302 4175 1366 4224 202ε
1387 4167 1473 4241 ἀγγε-

300 4250 359 4318 λίης
378 4251 466 4319 codd„
486 4246 541 4305 τιν’
556 4246 689 4321 ἀγγελίην
709 4250 779 4306 coni.
794 4250 906 4319 Nauck,
925 4251 958 4306 of.
981 4253 1069 4306 Γ206
1124 4257 1177 4305 255
1196 4267 1249 4306 om.
1265 4251 1319 4318 AS,
1338 4249 1368 4304 in
1382 4269 1473 4322 marg.
1587 4287 1588 4306 ι

300 4329 363 4382 εδδ.
383 4329 429 4384 OD
502 4337 553 4385 255
573 4350 615 4385 τοι
635 4331 726 4385 codd.:
746 4350 802 4385 που
822 4331 1009 4399 Herodianus,
1029 4329 1122 4385 nescio
1141 4347 1175 4384 ου
1196 4348 1259 4386 vere
1331 4335 1383 4385 252
1404 4352 1474 4386 κατ-

301 4405 423 4478 εήξαμεν
443 4409 521 4480 Zeu,
544 4431 587 4481 γρ,
606 4408 730 4476 κατέαξα
748 4410 801 4480 μὲν
820 4411 949 4466 εολιοΙ.Α
1040 4416 1092 4465 260
1111 4407 1142 4464 δ’
1160 4410 1223 4464 AD:
1244 4407 1312 4479 γὈ
1349 4407 1376 4466 τ’
1398 4413 1417 4465 S
1438 4441 1474 4456 -

301 4488 348 4546 καὶ
369 4485 471 4544 ἐείκοσι
491 4491 575 4548 scribi
593 4490 673 4546 iussit
690 4489 845 4560 Benicken,
865 4489 981 4546 Studien
999 4509 1026 4560 p.
1048 4495 1129 4558 1132,
1149 4491 1184 4546 cs.
1205 4493 1235 4544 N
1248 4495 1306 4544 60⁹.
