3280 5104
732 325 969 390 -104-

266 494 378 571 minm,
406 509 494 570 quam
522 508 577 569 par
603 492 655 569 sit,
684 507 731 550 me
759 499 894 549 secutum
923 505 988 548 esse
1017 497 1189 568 querantur.
1239 487 1329 548 Video
1357 491 1436 548 enim

267 607 333 650 esse
356 597 386 650 et
409 590 506 667 magni
529 589 688 668 aestimari,
711 588 762 667 qui
786 585 859 646 adeo
879 592 984 663 poetae
1002 584 1168 646 libertatem
1189 585 1437 647 circumscribere

268 685 403 766 audeant,
427 692 460 745 ut
482 683 616 763 duplices
636 686 753 764 lormas,
776 685 835 746 nisi
852 701 928 763 quae
948 692 1043 744 metro
1062 683 1242 764 flagitentur,
1265 685 1345 744 lerre
1363 684 1437 744 indi·

268 794 396 864 gueutur
419 793 450 846 et
472 791 602 864 poetam,
626 785 677 862 qui
699 773 939 862 Ἐννοσίγαιον
962 789 992 841 et
1016 777 1163 862 ἐννῆμαρ
1188 781 1296 842 dixerit
1319 779 1438 844 εἰνοσί-

268 882 398 964 φυλλον
414 881 458 942 vel
473 873 645 961 εἰνάνυχες
659 880 758 941 dicere
769 882 902 959 potuisse
913 888 1030 958 nogent.
1059 879 1111 939 llis
1122 899 1181 940 non
1192 881 1231 940 ita
1242 880 1437 960 respondebo,

269 989 310 1062 ut,
334 998 401 1040 cum
426 981 555 1040 carmina
575 978 673 1039 iliadis
697 977 751 1039 alia
775 978 811 1038 ab
831 978 888 1038 alio
912 980 1074 1056 composita
1097 997 1163 1038 esse
1183 979 1345 1057 videantur,
1370 979 1437 1038 talia

269 1079 535 1155 discrepantiarum
574 1078 695 1155 vestigia
731 1076 825 1137 deleri
862 1078 944 1136 neias
980 1095 1047 1136 esse
1084 1078 1188 1138 dicam.
1243 1076 1324 1147 Quae
1357 1079 1437 1136 euim

268 1183 371 1237 contra
395 1173 557 1253 analogiam
580 1182 713 1254 peccant,
739 1177 895 1235 maximam
919 1181 1033 1253 partem
1057 1181 1224 1253 temporum
1248 1175 1375 1236 decursu
1400 1172 1437 1233 ab

269 1272 423 1354 rhapsodis
447 1271 711 1351 redactoribusque
735 1271 916 1334 Pisistrateis
940 1271 1017 1334 illata
1042 1291 1107 1332 esse
1131 1273 1224 1333 multo
1248 1272 1438 1332 verisimilius

269 1381 315 1433 est
347 1389 436 1452 quarn
468 1369 505 1430 ab
537 1370 707 1431 auctoribus
739 1354 923 1450 singulorum
956 1373 1121 1433 carminum
1153 1373 1239 1452 ipsis3
1276 1372 1361 1431 cirins
1395 1371 1439 1430 rei

268 1469 383 1531 illustre
412 1467 578 1548 exemplum
607 1475 652 1528 est
680 1470 808 1528 nominis
831 1469 976 1550 Πείροος
998 1468 1092 1530 soluta
1117 1477 1146 1530 et
1169 1471 1266 1549 prisca
1291 1469 1384 1528 forma
1407 1469 1437 1527 in

269 1569 384 1627 novicio
412 1565 544 1645 catalogo
576 1563 693 1627 8844
721 1573 848 1648 servata,
876 1569 906 1627 in
937 1575 1036 1628 vetere
1065 1569 1195 1629 carmine
1221 1569 1253 1626 A
1276 1563 1350 1626 520.
1374 1562 1440 1627 525

269 1664 444 1727 oblitterata.
491 1664 549 1724 Sed
578 1665 683 1724 merito
708 1662 851 1725 Cobetum
880 1669 977 1728 omnia
1000 1666 1036 1726 ad
1062 1685 1146 1727 suam
1170 1664 1320 1742 analogiae
1345 1663 1439 1742 legem

269 1771 456 1824 revocantem
480 1771 510 1822 et
528 1764 673 1840 poeticam
693 1760 859 1822 libertatem
878 1767 963 1843 quasi
982 1763 1163 1842 iugulantem
1182 1761 1336 1824 Bellerus
1355 1761 1439 1820 llom.

269 1860 311 1921 Bl.
341 1860 365 1921 ll
394 1857 526 1921 42-54
557 1857 750 1938 reprehendit
781 1867 870 1940 atque
899 1863 1063 1940 exagitavit.
1114 1861 1187 1922 Nam
1212 1869 1242 1920 et
1265 1877 1352 1920 otono
1374 1860 1439 1919 lun·

271 1960 441 2020 dementum
466 1959 539 2017 artis
563 1957 684 2017 criticae
708 1956 898 2039 labefactant,
922 1962 972 2039 qui
998 1967 1055 2019 tam
1079 1958 1230 2020 lastidiose
1254 1957 1442 2018 traditionem

271 2057 415 2117 librorum
453 2061 661 2136 contemnunt,
698 2064 729 2115 et
765 2063 899 2117 nattrram
933 2055 1109 2117 elocutionis
1142 2054 1316 2116 llomericae
1350 2057 1443 2132 ipsam

271 2153 439 2232 neglegunt,
463 2171 550 2232 quam
570 2151 642 2212 God.
661 2150 848 2212 Hermannus
872 2155 903 2212 in
927 2156 1044 2232 egregia
1068 2154 1105 2213 de
1128 2152 1243 2232 legibus
1267 2151 1444 2230 quibusdam

272 2249 1046 2312 subtilioribussermonisllonrericicommentatione
1056 2251 1129 2312 dicit
1139 2250 1308 2312 liberiorem
1319 2249 1446 2310 necdum

272 2357 323 2410 aut
342 2350 432 2408 arctis
451 2347 627 2427 quibusdam
643 2350 809 2428 praeceptis
829 2349 992 2429 formatam,
1011 2358 1069 2430 aut,
1089 2358 1122 2409 ut
1140 2357 1242 2429 postea
1261 2349 1447 2428 estfactum,

273 2466 328 2508 usu
350 2446 407 2506 buc
428 2445 472 2505 vel
491 2444 561 2505 illuc
580 2443 740 2505 inclinante
759 2447 950 2506 constrictam
970 2453 1217 2525 coarctatamque.
1250 2445 1334 2506 Licet
1355 2447 1447 2523 igitur

272 2546 433 2625 plurimum
459 2545 568 2605 rationi
590 2553 620 2604 et
643 2543 793 2621 analogiae
811 2542 968 2604 tribuerim
990 2543 1221 2622 effrenatamque
1242 2542 1404 2604 lubidinem
1431 2563 1447 2603 a

272 2643 371 2704 diriuo
394 2649 481 2721 poeta
505 2641 628 2702 alienam
653 2641 745 2701 luisse
769 2643 903 2721 seutiam,
928 2641 1070 2721 quaedam
1094 2650 1191 2701 tamen
1216 2642 1346 2721 luerunt,
1370 2659 1447 2719 quae

274 2759 331 2801 nort
361 2759 395 2799 ex
423 2737 571 2816 analogiae
600 2738 724 2820 regulis,
752 2739 804 2800 sed
832 2758 868 2800 ex
896 2741 1072 2800 auctoritate
1096 2740 1275 2816 optimorum
1300 2738 1445 2799 librorum

273 2839 483 2899 discernerem.
513 2836 562 2897 Sic
577 2855 645 2896 carm
660 2835 696 2896 de
711 2835 827 2898 duobus
842 2844 872 2897 et
887 2830 979 2898 ἐόντε
989 2847 1018 2898 et
1028 2829 1144 2910 ἐόντας
1155 2835 1316 2897 Homerum
1327 2837 1447 2915 dixisse,

273 2936 309 2997 ad
325 2937 517 3016 praeteritum
532 2945 650 3014 tempus
665 2935 889 3016 exprimendum
903 2931 1036 2997 κέλευσε
1051 2953 1109 2996 nou
1124 2937 1217 3014 magis
1232 2953 1319 3013 quana
1334 2930 1448 2996 κέλευε

274 3052 449 3114 usurpasse,
491 3035 570 3093 iuxta
612 3035 766 3112 antiquum
809 3031 966 3094 locativum
985 3074 988 3083 -
1004 3025 1170 3113 στήθεσφι
1207 3034 1294 3092 etiam
1335 3033 1447 3112 vulgari

275 3124 436 3210 στήθεσσι
465 3147 551 3191 usum
576 3147 641 3190 esse
665 3129 817 3209 probabile
842 3132 893 3208 sit,
917 3138 1019 3192 utrum
1043 3149 1161 3210 quoque
1186 3129 1251 3190 loco
1275 3129 1448 3211 scriberem,

275 3249 311 3290 ex
348 3228 485 3288 codicum
522 3227 665 3306 dignitate
697 3228 869 3308 diiudicari3
906 3247 1002 3308 nequa
1035 3227 1113 3306 quod
1149 3227 1263 3306 Φηραί
1292 3226 1447 3306 pluraliter

276 3327 412 3407 plurimis
444 3326 517 3386 locis
547 3323 590 3402 (B
624 3322 696 3386 743.
729 3327 751 3386 Ι
783 3322 854 3386 151.
883 3323 957 3386 293.
986 3347 1006 3406 γ
1033 3324 1107 3386 488.
1137 3346 1155 3386 ο
1185 3319 1263 3407 186)
1295 3325 1447 3404 dicuntur,

276 3423 342 3484 ideo
366 3424 396 3483 in
417 3419 448 3482 E
465 3418 530 3482 543
555 3440 682 3502 qunque,
706 3421 776 3483 licet
798 3440 852 3501 per
875 3441 1016 3484 numeros
1040 3424 1104 3483 fieri
1129 3423 1268 3502 potuerit,
1295 3421 1391 3505 Φηρῇ
1416 3425 1445 3484 in

279 3521 407 3601 Φηραῖς
440 3521 591 3598 corrigere
623 3538 713 3580 ausus
746 3538 821 3581 sum.
867 3519 921 3580 Est
954 3523 1042 3582 etiam
1072 3519 1267 3580 verecundiae
1296 3520 1390 3580 honos
1418 3529 1448 3582 et

207 3619 209 3623 ’
278 3636 351 3679 suus
374 3617 457 3678 locus
481 3615 634 3678 nesciendi
657 3618 721 3676 arti.

525 3789 575 3844 De
596 3787 687 3844 vittis
708 3804 755 3848 ex
777 3795 893 3866 vetere
917 3793 1084 3862 scripture
1106 3791 1204 3848 naua.

366 3911 386 3988 ξ
410 3907 461 3972 55.
499 3908 673 3970 Pisistratus
697 3910 886 3970 Atheniensis
910 3913 1025 3989 primus
1043 3911 1164 3972 llomeri
1187 3913 1316 3972 carnrina
1341 3910 1449 3972 litteris

278 4009 430 4070 mandasse
468 4015 606 4069 narratur
642 4025 731 4085 opera
769 4026 842 4068 usus
879 4007 1061 4070 Onomacriti
1099 4010 1299 4089 Atheniensis,
1331 3991 1467 4088 Zopyri

278 4105 491 4186 Heracleensis,
515 4089 628 4183 Orphei
646 4105 833 4166 Crotoniatae
857 4112 887 4166 et
910 4110 1010 4185 quarti
1027 4107 1164 4187 alicuius‚·
1185 4109 1271 4167 cuius
1291 4125 1398 4166 nomen
1418 4107 1449 4167 in

278 4203 391 4266 scholio
414 4204 550 4264 Plautino
578 4222 593 4263 a
618 4203 779 4266 llitscbelio
803 4223 903 4285 opusc.
920 4203 940 4264 -Ι
964 4204 984 4266 6
1014 4206 1184 4266 doctissime
1214 4203 1361 4265 illustrato
1385 4222 1449 4264 cor·

279 4309 400 4381 ruptum
438 4309 491 4362 est.
544 4301 750 4363 Pisistrateum
787 4301 857 4362 illud
896 4303 1046 4383 exemplar
1082 4321 1179 4382 neque
1216 4303 1314 4380 ipsum
1352 4320 1449 4381 neqtte

279 4399 446 4478 apographa
468 4401 541 4479 eius,
561 4400 669 4460 nedum
688 4401 856 4480 antiquiora
875 4398 932 4480 illa,
952 4417 1027 4480 quae
1046 4408 1112 4458 ante
1131 4397 1319 4460 Pisistratum
1339 4402 1450 4479 scripta
