3280 5104
760 365 999 429 -154-

294 529 508 607 rhapsodorum
537 546 660 609 prorsus
689 530 859 609 evanuisse,
887 529 1000 589 dudum
1029 530 1083 589 viri
1112 529 1192 589 docti
1215 527 1401 607 collegerant
1431 546 1469 587 ex

294 627 431 688 codicum
459 629 617 706 scripturis
648 621 722 689 δαῖέ
749 623 784 688 ol
810 628 841 687 Ε
866 624 900 708 4,
929 618 971 687 οὔ
999 623 1034 688 ol
1060 627 1088 688 Β
1116 623 1190 687 392.
1215 627 1246 686 Ε
1267 623 1319 687 53.
1342 621 1373 696 Ξ
1396 622 1470 688 141.

295 722 717 787 049611511111.
743 718 1278 806 1349.Χ119.α111,κέοί
1300 725 1326 784 Ζ
1350 722 1472 786 2811

297 819 369 884 151.
401 823 438 883 Ψ
465 818 538 884 540.
561 845 583 902 p
606 820 671 886 258
695 868 758 904 ...,
782 814 823 884 οὗ
847 817 928 884 ἑθεν
952 825 983 882 Α
1007 821 1085 902 114,
1113 814 1243 903 πρόσθε
1268 817 1403 902 abead]
1424 818 1470 883 56

296 921 381 1001 apud.
405 921 500 1000 Apoll.
523 921 559 982 de
579 940 664 1000 prou.
684 941 715 1000 p.
739 917 783 984 55
806 921 843 1003 Α,
866 915 905 981 κε’
926 913 942 981 ἑ
964 920 986 980 1
1006 917 1077 1002 155,
1102 911 1143 982 οὔ
1162 915 1181 981 e‘·
1197 921 1229 981 Ω
1248 917 1322 1000 214,
1346 918 1470 998 quibus-

294 1039 363 1081 cum
391 1019 569 1080 lectionibus
598 1020 765 1081 Homericis
796 1021 914 1098 egregie
942 1021 1105 1080 concinunt
1132 1015 1422 1098 11111111111129,
1447 1017 1469 1080 2

295 1109 316 1197 ἡ
346 1111 386 1178 dd
410 1119 466 1180 foa
494 1110 594 1198 κόμη,
622 1115 680 1198 91,
712 1117 727 1178 1
757 1108 778 1196 ἡ
803 1112 843 1178 de'
862 1119 917 1178 foa
942 1109 1042 1196 σάθη.
1088 1117 1171 1178 Licet
1195 1120 1275 1178 enim
1298 1116 1468 1196 Rerglxium,

294 1216 344 1276 Gr.
361 1216 418 1277 Lit.
432 1236 460 1296 p.
477 1214 572 1296 1021,
592 1218 643 1296 qui
662 1219 692 1276 11
717 1215 927 1276 vetustissimis
946 1214 1163 1294 exemplaribus
1179 1214 1298 1276 Hesiodi
1322 1213 1467 1293 digamma

296 1317 441 1394 seriptum
470 1315 562 1375 luisse
591 1333 627 1375 ex
655 1315 834 1395 corruptelis
862 1314 998 1375 codicum
1027 1312 1167 1392 colligere
1196 1331 1283 1392 posse
1308 1311 1365 1372 sibi
1388 1311 1466 1372 vide-

294 1412 395 1492 batur,
427 1419 531 1472 cautae
559 1415 824 1492 argumentationis
852 1414 926 1473 lanes
954 1430 1108 1490 egressum
1137 1431 1203 1472 esse
1231 1412 1337 1472 merito
1366 1409 1468 1489 ducas,

296 1519 394 1572 tamen
422 1509 594 1571 redactores
617 1511 784 1573 Pisistratei
812 1529 866 1571 our
894 1519 961 1571 ante
990 1512 1165 1588 pronomina
1185 1497 1221 1570 οἷ
1242 1505 1322 1570 ἕθεν
1346 1502 1365 1568 ἕ
1385 1526 1467 1586 para-

294 1610 412 1688 gogicas
440 1607 555 1669 litteras
579 1611 760 1691 omitterent,
793 1609 872 1670 nulla
895 1609 950 1669 alia
973 1626 1060 1668 causa
1085 1608 1205 1668 adducti
1229 1627 1294 1668 esse
1320 1606 1467 1686 videntur,

294 1725 381 1787 qoam
411 1707 490 1786 quod
519 1726 553 1766 ex
582 1723 635 1768 are
663 1707 879 1788 rhapsodorum
907 1709 1068 1787 spirantem
1096 1705 1239 1767 initialem
1267 1705 1385 1767 illarum
1408 1705 1467 1766 lor·

295 1822 410 1867 marum
434 1807 588 1866 etiamtum
612 1805 817 1880 exaudiebant

382 1903 402 1980 ᾖ
426 1901 478 1966 95.
524 1904 605 1975 Quae
629 1923 697 1966 cum
720 1907 762 1966 ita
786 1905 854 1984 sint,
878 1902 1000 1963 editoris
1024 1905 1207 1982 provinciam
1231 1921 1296 1964 esse
1320 1902 1467 1984 ducinurs,

294 2011 328 2063 ut
350 2020 418 2064 cum
443 2004 580 2063 universa
600 2005 731 2064 carmina
749 2002 785 2062 ad
805 2020 878 2080 eanr,
901 2019 977 2079 quae
997 2019 1032 2061 cx
1052 2019 1103 2062 ore
1123 2009 1227 2079 poetae
1247 2009 1277 2061 et
1295 2001 1467 2080 antiquissi-

294 2118 409 2161 marum
425 2101 641 2179 rhapsodorum
656 2101 778 2162 linxisse
793 2102 935 2179 videatur,
950 2117 1084 2160 normam
1101 2107 1228 2180 revocet,
1240 2107 1301 2160 tum
1311 2098 1468 2178 digamma,

293 2197 522 2278 quibuscunque
552 2200 624 2260 locis
652 2219 668 2260 a
696 2207 782 2278 poeta
806 2199 1030 2276 pronuntiatum
1056 2197 1147 2258 luisse
1171 2203 1282 2277 pateat,
1306 2198 1467 2258 restituere

295 2304 429 2358 conetur.
466 2297 568 2376 Neque
592 2297 687 2357 salum
711 2299 741 2356 in
766 2294 946 2356 editionibus
969 2295 1188 2376 intellegentiae
1211 2297 1343 2356 virorum
1366 2295 1467 2356 docto-

294 2413 361 2455 rum
386 2393 549 2476 destinatis,
574 2396 625 2455 sed
650 2397 739 2456 etiam
762 2396 792 2454 in
817 2393 987 2474 vulgaribus
1010 2394 1237 2474 scholarnmque
1262 2396 1330 2454 usui
1351 2413 1466 2454 accom-

294 2493 420 2554 modatis
447 2512 554 2572 magno
583 2513 650 2555 cum
679 2513 734 2554 usu
764 2492 820 2553 boc
849 2494 913 2552 lieri
942 2494 1115 2555 iudicamus.
1161 2493 1294 2571 Namque
1322 2511 1391 2552 cnm
1419 2493 1467 2553 bis

294 2593 472 2670 praesertim
500 2591 686 2672 temporibus
714 2593 795 2651 anani
818 2608 907 2669 opera
931 2610 986 2651 nos
1009 2592 1102 2652 adniti
1125 2591 1236 2671 deceat,
1260 2599 1294 2650 ut
1317 2609 1354 2651 ne
1378 2609 1466 2669 pene·

294 2689 377 2750 tralia
407 2692 587 2769 scriptorum
610 2707 785 2768 graecorum
809 2687 964 2748 inutilibus
988 2690 1207 2768 impedimentis
1230 2688 1466 2768 praecludamus,

293 2788 432 2846 restituto
461 2787 606 2863 digamma
636 2795 666 2846 et
694 2785 911 2864 elegantissima
940 2784 1071 2848 earmina
1099 2787 1135 2848 ab
1162 2788 1328 2848 innumeris
1356 2785 1466 2846 biantis

293 2886 435 2944 arationis
459 2885 583 2946 maculis
606 2894 635 2946 et
658 2885 870 2964 particularum
895 2885 1107 2963 expletivarum
1131 2878 1302 2967 sardibus¹)
1327 2883 1465 2964 purgabi-

293 2999 359 3042 mus
383 2990 413 3042 et
436 2982 574 3062 ambages
598 2985 880 3044 commentationum
903 2983 939 3043 de
964 2983 1046 3044 hiatu
1069 2991 1099 3044 et
1122 2982 1249 3062 syllabae
1268 2983 1465 3061 productione

292 3080 408 3142 litterae
441 3080 568 3141 aeolicae
604 3085 631 3142 vi
659 3081 836 3142 excusandis
864 3080 949 3142 lacile
977 3081 1190 3142 rescindamus.
1237 3080 1294 3141 Sed
1325 3098 1394 3140 cum
1422 3080 1466 3140 di·

292 3181 401 3257 gammi
429 3180 606 3241 restituendi
634 3179 791 3241 consilium
819 3198 1006 3259 caperemus,
1035 3181 1154 3240 minime
1184 3199 1237 3240 uos
1265 3179 1354 3258 lugit,
1388 3197 1464 3257 quae

293 3279 337 3336 rei
360 3276 518 3338 difficultas
541 3287 619 3339 esset
643 3280 731 3339 etiam
751 3286 819 3356 post
841 3285 1063 3338 antecessorum
1087 3295 1184 3338 curas.
1230 3277 1302 3336 Nam
1326 3284 1360 3336 ut
1379 3274 1466 3354 rlngli

292 3376 390 3435 critici
403 3384 540 3454 portenta
554 3379 724 3458 ,11]ροὶ1111,
743 3367 815 3437 ἀλλ’
831 3366 920 3453 ldae,
936 3365 1102 3455 dlope‘aqv
1116 3369 1158 3455 dl]
1173 3365 1286 3456 pdfpc'
1302 3364 1466 3453 Ἀχαιὲοῑς
1539 3398 1543 3408 ·

292 3479 489 3554 praeteream,
523 3475 676 3536 Bellerus
705 3493 823 3554 (puroque
857 3472 930 3534 lalso
959 3472 1109 3533 nonnullis
1138 3471 1251 3553 verbis,
1284 3469 1364 3531 velut
1390 3463 1465 3531 aaut

291 3562 379 3652 fpdq
411 3565 580 3652 1ουλαμός
606 3571 710 3653 aplos
736 3573 881 3650 digamma
909 3571 1045 3650 praellxit
1073 3580 1116 3652 et,
1150 3570 1228 3650 quod
1257 3571 1465 3648 gravissimum

292 3677 350 3749 est,
382 3669 511 3730 medium
541 3670 686 3748 digamma
716 3689 807 3748 paene
836 3687 961 3749 prorsus
985 3669 1122 3747 neglexit.
1171 3668 1272 3748 Neque
1297 3667 1465 3729 mirandum

293 3776 352 3845 est,
380 3768 459 3846 quod
489 3769 532 3827 vir
559 3769 811 3846 prudentissimus
839 3770 868 3828 in
898 3767 995 3827 medio
1019 3767 1166 3845 digamma
1190 3765 1375 3826 restituendo
1398 3784 1465 3844 par·

292 3866 430 3925 eissimus
455 3865 524 3946 lult3
553 3885 620 3927 nam
644 3884 719 3945 quae
743 3865 864 3926 initialis
888 3864 1026 3942 digammi
1056 3865 1164 3925 indicia
1193 3870 1264 3925 sarrit
1288 3866 1465 3943 certissima,

292 3962 391 4024 lriatus
419 3971 486 4024 ante
515 3971 596 4025 certa
625 3964 768 4044 quaedam
796 3963 885 4024 uerba
913 3963 1060 4023 admissus
1088 3971 1118 4024 et
1141 3961 1249 4042 syllaba
1274 3961 1372 4022 brevis
1396 3969 1465 4023 ante

292 4061 395 4122 eadem
419 4060 508 4121 verba
531 4062 685 4141 producta,
709 4079 743 4120 ea
766 4079 891 4140 prorsus
915 4079 969 4122 nos
992 4060 1134 4121 deliciunt
1159 4061 1187 4119 in
1209 4059 1314 4120 modiis
1332 4058 1464 4120 vocibus.

293 4175 503 4184 -—--—-—-—

383 4227 409 4295 1)
429 4225 459 4280 Si
482 4243 565 4296 quem
589 4225 668 4282 iuvet
690 4226 819 4296 exempla
841 4223 992 4280 falerarum
1016 4241 1034 4278 a
1060 4199 1264 4293 grammaticis,
1287 4223 1327 4276 ut'
1337 4221 1465 4277 hiantem

293 4306 381 4362 eiecto
401 4303 543 4376 digamma
563 4307 719 4364 orationem
737 4305 903 4376 levigarent,
922 4303 1128 4358 inculcatorem
1146 4319 1324 4372 cognoscere,
1344 4319 1464 4356 messem

292 4385 474 4534 qxqeqrgqmqqiq
487 4387 649 4456 congestam
677 4383 802 4441 inveniet
829 4385 865 4439 ab
893 4383 932 4439 Io.
960 4381 1192 4451 Wackernagelio
1220 4381 1250 4437 in
1276 4381 1353 4436 aaa.
1378 4381 1467 4438 Beitr.
