3276 5090
763 379 976 442 ,18-

286 561 390 604 versus
418 546 486 622 quia
514 562 530 602 a
559 542 677 602 dicendi
707 559 762 602 usu
787 541 908 602 Homeri
937 550 965 600 et
994 558 1093 601 rernm
1119 542 1195 600 serie
1224 557 1274 599 eos
1298 538 1461 600 abhorrere

287 642 413 714 rideret,
447 659 504 700 non
537 641 604 719 quia
636 639 824 698 Pisistratum
858 657 909 698 eos
938 639 1100 698 intexuisse
1130 639 1309 716 accepisset,
1342 638 1461 696 damna-

287 741 363 798 visse
393 745 480 815 atque
505 737 828 815 eiecisse‘ooncedam,
857 734 1124 796 verisimillimum
1153 744 1250 795 tamen
1280 743 1327 794 est
1355 751 1461 794 versos

288 839 317 895 A
341 833 413 896 265.
440 831 470 894 Γ
492 833 561 895 144.
586 835 605 894 t
629 831 702 894 631.
726 833 754 892 Β
779 830 857 912 558,
882 832 1006 892 tortasse
1030 834 1118 892 etiam
1143 829 1269 910 3549,
1294 825 1460 912 M3721),

286 932 323 992 N
339 929 523 992 679-722.
548 933 566 991 λ
587 927 764 992 321-325
783 949 798 988 a
818 929 973 989 Pisistrato
993 929 1038 989 rel
1058 931 1123 990 eius
1142 928 1348 990 redactoribus
1366 931 1458 989 iuter·

221 1098 224 1104 ¹
285 1029 399 1106 potatos
419 1047 493 1109 esse,
514 1027 623 1107 quihus
642 1028 748 1087 lamam
763 1026 868 1086 Thesei
885 1036 914 1086 et
929 1045 977 1086 res
992 1028 1216 1088 Atheniensium
1232 1020 1460 1106 illustrarent.²)

287 1125 387 1205 Neque
411 1126 465 1185 hos
486 1143 589 1185 versus
614 1123 693 1184 solos
711 1142 727 1182 a
748 1123 928 1185 Pisistrateis
950 1124 1081 1184 adiectos
1100 1142 1166 1184 esse
1190 1124 1382 1202 crediderim,
1405 1123 1459 1182 sed

286 1223 335 1284 alii
359 1233 460 1284 utrum
484 1224 520 1282 ad
544 1226 616 1283 istos
640 1241 676 1281 an
701 1223 736 1282 ad
761 1225 944 1302 antiquiores
965 1220 1193 1300 interpolatores
1212 1221 1370 1281 revocandi
1389 1223 1460 1298 sint,

287 1331 368 1381 certo
393 1293 597 1381 debueramus
622 1320 737 1380 indicia.

376 1418 395 1494 ξ
422 1418 470 1480 13.
514 1419 614 1496 Longe
638 1420 795 1495 spatiosior
819 1435 941 1494 campus
963 1415 1243 1494 interpolationibus
1266 1434 1301 1475 eo
1326 1424 1461 1493 tempore

288 1515 414 1594 patebat,
428 1534 487 1594 quo
501 1514 621 1575 Homeri
637 1515 767 1574 carmina
782 1532 833 1573 ore
848 1513 1063 1592 rhapsodorum
1079 1512 1317 1592 propagabantur
1332 1514 1461 1573 necdum

287 1612 395 1673 litteris
424 1617 595 1690 consignata
624 1620 654 1672 et
682 1611 798 1690 publica
827 1613 1002 1673 atrctoritate
1026 1628 1042 1669 a
1066 1609 1188 1670 libidine
1211 1611 1460 1690 interpolatorum

287 1711 581 1788 versificatorumque
619 1709 739 1770 detensa
777 1719 869 1768 erant.
920 1707 1030 1787 Nempe
1064 1709 1178 1768 versus‘
1200 1717 1231 1767 et
1263 1709 1394 1786 singulos
1428 1718 1460 1768 et

286 1807 387 1885 plures
412 1808 587 1866 coniunctos
612 1815 745 1866 texturae
770 1814 903 1864 veterum
927 1807 1091 1866 carminum
1116 1814 1178 1866 turn
1204 1809 1345 1883 temporis
1364 1809 1460 1866 inser‘

288 1919 334 1964 tos
357 1912 387 1964 et
410 1911 539 1964 attentos
562 1923 627 1964 esse
652 1903 725 1964 adeo
749 1920 806 1962 non
831 1903 940 1962 mirum
964 1911 1019 1983 est,
1044 1913 1077 1963 ut
1097 1902 1190 1963 multo
1215 1905 1368 1964 iustiorem
1388 1922 1460 1964 cau-

287 2020 349 2062 sam
373 2003 499 2061 mirandi
525 2002 658 2079 haberes,
681 2001 707 2060 si
732 2000 787 2060 tale
812 2001 883 2079 quid
907 2018 967 2060 non
986 2001 1096 2060 lactum
1116 2008 1202 2060 esset.
1240 2003 1283 2060 An
1309 2009 1461 2061 recentem

287 2099 427 2178 hymnum
463 2098 603 2178 Apollinis
637 2098 753 2176 Pythici
790 2096 1018 2176 interpolatione
1049 2097 1164 2158 tabulae
1197 2097 1365 2176 Typhaonis
1398 2095 1459 2178 (vv.

290 2193 478 2275 tat—tit)
503 2204 532 2256 et
551 2195 672 2255 Hesiodi
690 2197 883 2272 theogonium
908 2195 1024 2273 hymnis
1043 2194 1169 2255 Hecates
1188 2188 1247 2278 (vv.
1266 2191 1461 2276 414-452)

287 2303 316 2353 et
344 2293 494 2352 llusarum
524 2293 581 2372 (vv.
611 2287 781 2372 tac-103)
810 2303 925 2352 auctam
955 2309 1020 2352 esse
1050 2302 1171 2352 coactus
1199 2293 1358 2372 concedes,
1391 2295 1463 2372 quia

287 2393 499 2450 commissurae
528 2391 656 2468 partium
680 2391 808 2466 turpiter
834 2388 929 2466 hiant,
958 2388 1079 2448 Homeri
1103 2388 1235 2469 lliadem,
1265 2389 1357 2450 nrulto
1381 2388 1461 2448 illam

286 2490 483 2566 antiquiorem
513 2504 648 2566 quaeque
677 2490 790 2546 incerto
819 2487 1017 2564 possessionis
1047 2489 1111 2546 iure
1136 2497 1166 2546 et
1194 2503 1295 2547 rerum
1319 2488 1461 2547 varietate

289 2585 379 2647 rnrrlto
409 2588 501 2663 magis
528 2584 563 2645 ad
593 2583 831 2661 interpolantium
859 2584 1011 2661 invitaret,
1041 2583 1112 2643 nihil
1137 2582 1231 2646 simile
1255 2601 1370 2662 passam
1394 2602 1462 2644 esse

287 2681 471 2744 contendes?
504 2683 624 2743 Diversa
653 2692 752 2742 autem
780 2680 1040 2759 interpolationem
1070 2697 1177 2758 genera
1207 2683 1364 2759 irrepsisse
1391 2699 1461 2761 pro·

289 2779 383 2840 habile
417 2791 475 2860 est,
509 2787 598 2857 prout
631 2781 802 2857 ingeniosus
835 2788 898 2838 erat
926 2778 1121 2856 interpolator
1148 2786 1199 2839 aut
1226 2780 1258 2838 in
1285 2781 1368 2839 tenui
1396 2778 1461 2839 solo

290 2878 389 2938 sulcos
419 2876 555 2936 ducebat.
601 2874 718 2936 Etenim
751 2894 810 2955 quo
844 2887 976 2953 tempore
1005 2875 1145 2954 rhapsodi
1174 2893 1291 2954 versus,
1323 2879 1375 2955 qui
1403 2877 1461 2938 hoc

290 2978 407 3036 nomine
437 2975 518 3052 digni
547 2983 660 3052 essent,
688 2976 745 3051 ipsi
773 2991 831 3034 non
861 2973 1021 3052 iaciebant,
1049 2974 1101 3033 sed
1129 2973 1254 3034 aliorum
1278 2973 1461 3035 carminibus

288 3073 448 3133 recitandis
472 3071 613 3133 vacabant
637 3071 716 3149 solis,
740 3075 1004 3148 interpretamenta
1023 3088 1082 3129 non
1101 3073 1289 3148 irrepserunt
1309 3073 1366 3130 nisi
1383 3089 1460 3149 quae

288 3171 461 3249 explicando
486 3170 576 3230 verbo
604 3169 693 3230 alicui
718 3169 850 3230 obsoleto
874 3176 926 3230 aut
949 3168 1064 3228 fabulae
1083 3171 1284 3228 recentiorum
1304 3177 1460 3246 poetarum

288 3268 561 3328 commemorandae
585 3276 636 3328 aut
659 3268 786 3345 denique
810 3269 866 3327 arti
889 3265 1032 3326 recitandi
1052 3264 1231 3326 adiuvandae
1250 3266 1460 3326 inserviebant.

288 3367 325 3425 nt
355 3367 406 3444 qui
434 3384 492 3426 non
521 3365 617 3427 solum
646 3364 767 3425 Homeri
795 3372 894 3424 vetera
922 3365 1053 3423 carmina
1081 3363 1257 3444 recitabant,
1290 3363 1341 3424 sed
1371 3365 1459 3424 etiam

288 3466 345 3542 ipsi
374 3466 491 3524 nomine
516 3455 643 3524 ἀοιδῶν
666 3460 834 3540 gaudebant
856 3470 887 3521 et
910 3461 1007 3520 divina
1031 3463 1161 3548 carmina
1185 3461 1365 3542 pangebant,
1394 3464 1460 3540 ipso

287 3563 400 3639 ingenii
428 3562 570 3622 instinctu
596 3579 631 3619 eo
655 3560 839 3639 terebantur,
868 3567 902 3619 ut
925 3558 1039 3618 tabulae
1064 3560 1249 3619 exornandae
1273 3561 1459 3620 occasionem

288 3735 406 3789 alteram
432 3731 584 3786 editionem
608 3730 672 3785 libri
700 3730 890 3796 subtilissimi,
919 3732 954 3784 de
982 3729 1138 3784 Aristarchi
1165 3730 1266 3784 studiis
1293 3729 1459 3797 Homericis,

290 3833 315 3884 p.
336 3820 388 3868 430
407 3830 470 3882 sqq.

380 3897 405 3964 1)
423 3893 477 3947 Cor
496 3909 589 3946 versus
608 3893 643 3944 M
654 3895 705 3945 ers
725 3889 911 3961 interpolatus
931 3906 992 3945 asse
1011 3887 1148 3957 rideatur,
1168 3889 1241 3945 infra
1259 3895 1274 3956 ξ
1289 3895 1323 3945 85
1338 3889 1460 3956 docebo;

289 3973 477 4030 adulterinum
506 3989 568 4026 sum
597 3989 657 4026 esse
684 3972 740 4026 iam
769 3973 877 4024 veteres
899 3968 1098 4041 grammaticos
1123 3969 1294 4026 intellexisse
1319 3989 1352 4025 ex
1371 3971 1457 4025 schol.

291 4053 450 4109 Victoriano
470 4054 595 4122 apparel.

350 4127 353 4132 ’
378 4140 404 4202 2)
425 4133 499 4199 Quos
523 4133 568 4187 hic
592 4135 621 4186 et
642 4130 716 4184 inno
740 4131 848 4200 spurios
874 4130 932 4184 dixi
956 4149 1050 4186 remus
1074 4148 1129 4186 non
1153 4147 1205 4200 ego
1230 4131 1336 4200 pn'mns
1360 4148 1456 4186 omues

290 4213 419 4269 damnavi
443 4212 669 4280 adulterinosque
689 4228 748 4266 esse
767 4211 939 4280 argumentis
958 4211 1085 4281 coargui,
1106 4210 1209 4265 sedne
1228 4209 1270 4264 bis
1289 4211 1363 4266 idem
1383 4210 1459 4265 dice·

291 4311 362 4360 rem,
386 4294 445 4348 rolo
469 4293 498 4348 in
523 4295 660 4363 apparatu
685 4291 782 4345 critico
800 4288 915 4343 nomina
934 4293 1138 4345 antecessorum
1158 4290 1260 4344 referre
1279 4291 1350 4344 mibi
1368 4291 1458 4346 risum

290 4375 340 4427 eet.
384 4372 426 4426 De
450 4371 713 4442 interpolationibus
737 4369 962 4424 Pisistrsteornm
987 4370 1082 4426 contar
1105 4368 1187 4424 sodes
1211 4369 1459 4440 Sengebnsohium,

290 4449 370 4506 Hom.
391 4451 456 4506 diss.
476 4451 500 4505 ll
520 4459 578 4508 109.
