3280 5104
651 393 896 458 ¹-1oa-
964 402 966 406 ¹

269 540 362 636 'Ipse‘
393 574 503 617 nomen
527 559 681 636 proprium
700 575 787 618 suum
811 557 970 638 digamma,
992 560 1017 620 si
1041 559 1160 620 codices
1184 560 1285 640 audis,
1313 568 1359 620 ter

185 651 444 716 51115511Ε353.
469 651 541 716 365.
570 655 607 714 Ψ
630 652 705 734 198,
729 673 837 716 nomen
861 655 1069 737 appellativum
1092 656 1184 718 semel
1208 658 1239 720 A
1262 655 1313 719 27.

273 750 695 833 1ίς1τφι1ίφια1ινίον·
726 753 871 831 digamma
900 753 1041 832 permulti
1068 773 1173 815 versus
1200 757 1359 834 requirunt

185 851 291 928 etqui
315 858 483 929 repugnant
505 850 564 910 loci
592 850 727 931 plerique
756 852 789 912 A
812 848 887 913 287.
911 851 943 912 Ε
964 849 1037 914 606,
1063 853 1094 912 A
1117 849 1191 913 261.
1214 853 1261 914 Μ.
1285 850 1358 914 367.

187 949 220 1009 Φ
247 943 322 1008 356.
350 948 371 1009 ti
398 945 464 1009 284
491 949 576 1010 lacile
604 949 809 1029 emendantur,
837 949 889 1010 sed
913 958 1026 1010 restant
1058 949 1108 1010 alii
1137 949 1288 1012 difficilius
1315 969 1359 1011 sa-

185 1045 276 1106 nandi
304 1045 332 1105 B
363 1042 436 1106 720.
461 1047 487 1105 Ζ
509 1043 584 1108 478.
609 1046 639 1105 Ρ
659 1043 731 1108 739.
755 1047 774 1114 l
798 1043 874 1124 597,
904 1049 936 1107 in
964 1047 1073 1127 quibus
1100 1050 1234 1128 graviora
1262 1048 1360 1110 moliri

185 1142 287 1224 nolim,
311 1145 486 1222 praesertim
510 1161 579 1204 eum
602 1145 691 1204 etiam
706 1135 833 1225 Ἴφιτος
856 1151 886 1206 51
909 1145 1051 1226 ἴφθιμος
1074 1145 1220 1226 digamma
1239 1146 1360 1208 Homeri

186 1249 281 1304 aetate
305 1241 438 1302 caruisse
461 1239 626 1303 rideantur.

275 1331 442 1411 sedatos·
476 1339 615 1400 omnibus
655 1337 729 1400 locis
770 1349 894 1419 excepto
930 1358 990 1402 uno
1033 1359 1121 1402 versu
1158 1341 1255 1404 ultimi
1290 1342 1360 1404 iibri

186 1437 335 1518 Odysseae
359 1457 386 1497 m
410 1435 476 1500 282
499 1437 645 1517 digamma
664 1439 779 1517 recipit,
802 1446 985 1517 quapropter
1003 1438 1073 1500 huic
1093 1443 1167 1522 roci,
1189 1439 1260 1502 11551
1278 1443 1360 1520 origo

187 1539 251 1597 eius
276 1555 335 1597 nou
360 1537 431 1595 satis
455 1535 606 1613 explorata
629 1537 677 1617 sii,
700 1535 846 1622 digamma
869 1537 1000 1615 praefixi.

274 1635 390 1706 151115ς
411 1632 523 1694 fotum
544 1631 706 1696 1511150115
728 1631 864 1696 dolrada
890 1633 1022 1696 ,Ροικίον
1049 1630 1184 1697 151515
1213 1637 1360 1716 digammo

186 1732 293 1794 horum
326 1729 537 1792 vocabulorum
570 1732 756 1794 restituendo
788 1740 955 1812 repugnant
984 1731 1083 1794 iliadis
1121 1733 1178 1794 loci
1210 1738 1361 1817 perpauci,

186 1831 289 1910 plures
309 1829 465 1909 Odysseae.
502 1829 601 1891 iliadis
624 1832 677 1910 qui
696 1837 863 1910 repugnant
884 1829 942 1890 loci
965 1832 997 1892 A
1018 1827 1067 1891 19.
1093 1830 1121 1890 Β
1141 1827 1271 1892 75011
1286 1830 1361 1894 364.

186 1927 259 1990 391.
283 1909 317 1988 Ὠ
340 1923 405 1988 572
429 1929 530 1989 nescio
554 1946 591 1988 an
614 1947 717 1990 omnes
741 1927 917 1990 emendandi
940 1927 1009 1989 sint.
1050 1927 1208 1988 Praeterea
1232 1948 1299 1992 cum
1318 1931 1361 1992 di·

186 2045 302 2106 gamma
325 2025 438 2086 initiale
463 2033 620 2104 augmento
645 2025 801 2106 temporali
823 2025 1013 2100 adversetur,
1039 2025 1176 2088 15111155
1197 2025 1362 2107 dolendae

186 2143 241 2204 pro
264 2115 371 2208 ᾤκεον
395 2113 530 2208 ᾤκηθεν
553 2141 699 2202 reponere
722 2121 911 2184 debebamus.

274 2222 392 2294 ἒοῑνος
413 2220 558 2282 folcone
579 2219 767 2301 1515115551
791 2219 929 2282 similiter
952 2237 983 2280 se
1007 2218 1118 2280 hahent
1140 2229 1230 2301 atque
1247 2225 1361 2299 roanos

187 2322 313 2400 eiusque
336 2319 456 2380 uomina
480 2319 620 2379 derivata.
666 2318 698 2380 ln
721 2318 811 2379 iliade
834 2320 976 2399 perpauci
1004 2336 1109 2380 versus
1130 2319 1170 2380 H
1189 2317 1262 2382 467.
1286 2320 1360 2384 472.

187 2418 210 2479 Ι
230 2415 306 2480 224.
331 2417 366 2478 Σ
387 2412 452 2478 545
481 2416 626 2495 digamma
654 2425 852 2497 aspernantur
879 2418 960 2496 iique
989 2434 1093 2476 omnes
1119 2426 1239 2497 praeter
1266 2429 1361 2482 extre·

187 2536 269 2579 mum
284 2515 384 2576 locum
398 2517 539 2576 carminis
553 2516 753 2576 recentissimi
767 2515 882 2576 lacilcm
896 2514 1057 2575 admittunt
1072 2515 1321 2599 emendationcm3
1331 2520 1361 2579 in

187 2615 319 2694 Odyssea
338 2613 425 2693 longe
440 2613 543 2692 plures
557 2612 615 2674 loci
628 2631 726 2694 neque
743 2621 804 2674 tam
822 2610 908 2674 lacile
928 2611 1104 2674 emendandi
1122 2605 1158 2693 (β
1176 2609 1228 2676 52.
1247 2636 1268 2695 η
1287 2613 1361 2678 326.

187 2709 298 2775 1530.
332 2707 426 2772 1135.
460 2732 484 2792 p
510 2707 582 2774 135.
614 2731 635 2772 ν
658 2707 711 2774 42.
737 2708 808 2774 127.
837 2706 911 2773 305.
944 2705 1058 2785 1223.
1081 2707 1155 2773 318.
1188 2731 1206 2774 o
1234 2709 1286 2774 21.
1310 2709 1361 2776 66.

186 2827 211 2871 rc
233 2807 284 2871 70.
313 2805 388 2870 303.
415 2805 490 2871 463.
519 2829 539 2889 p
564 2805 615 2871 84.
649 2806 766 2872 5419.
798 2829 820 2869 5
843 2805 917 2871 232.
948 2806 1072 2889 5211.
1103 2803 1197 2889 χ35.
1230 2831 1257 2872 m
1280 2805 1363 2896 208)

186 2907 335 2988 digammo
358 2907 529 2986 reponendo
553 2906 755 2970 adversantur.
796 2907 954 2968 Praeterea
977 2909 1097 2968 nomina
1118 2909 1240 2989 propria
1265 2903 1362 2972 Οἰνό-

186 3025 270 3087 μαος
294 3005 326 3066 Ε
348 3001 412 3066 706
437 3013 467 3066 51
490 2997 612 3078 Οἰνεύς
635 3006 663 3066 Β
683 3003 745 3068 641
771 3013 802 3066 51
825 3005 857 3065 Ε
874 3002 938 3068 813
962 3004 1100 3083 digammi
1123 3008 1184 3066 vim
1206 3019 1362 3070 exuerunt.

276 3102 297 3180 ξ
321 3099 373 3164 98.
410 3101 510 3163 751115
534 3101 662 3182 denique
686 3103 789 3164 elassis
808 3101 1016 3182 complectitur
1040 3121 1074 3164 ea
1098 3102 1197 3186 rerba,
1220 3123 1295 3186 quae
1319 3105 1362 3167 di-

185 3218 303 3280 gamma
332 3198 444 3261 initiale
468 3198 590 3260 llcmeri
618 3208 713 3261 551515
741 3202 782 3262 ita
809 3201 867 3260 iam
895 3199 1039 3262 abiecisse
1067 3201 1220 3285 ridentur,
1250 3212 1283 3266 ut
1312 3213 1363 3266 aut

186 3299 278 3360 nullis
301 3305 354 3358 aut
375 3299 534 3377 perpaucis
556 3297 630 3359 locis
653 3300 779 3377 pristina
802 3300 847 3359 vis
870 3299 935 3358 aius
959 3297 1142 3378 deprehendi
1160 3301 1264 3378 possit
1305 3300 1363 3364 011-

187 3397 316 3458 55151515
340 3395 396 3457 hoc
419 3395 563 3474 digamma
591 3397 622 3456 in
645 3395 768 3459 Homeri
796 3404 880 3458 textu
907 3395 1039 3457 seribere
1068 3415 1161 3477 aeque
1189 3415 1363 3477 perversum

186 3503 276 3574 esset,
300 3511 335 3553 5ο
354 3495 380 3552 51
400 3495 467 3572 quis
487 3495 517 3554 in
536 3491 689 3573 Apollonio
713 3501 766 3555 aut
783 3491 893 3565 Quinto
913 3494 1073 3575 Smyrnaeo
1092 3493 1206 3578 Νηρῆι
1224 3490 1364 3560 idaeam

186 3592 232 3653 vel
256 3583 341 3653 deta
364 3591 403 3652 ,15
425 3583 633 3673 ταρχύσαντο
657 3591 789 3654 55115515
808 3592 904 3654 vellet„
941 3593 1096 3655 Pertinent
1114 3602 1213 3656 autem
1232 3597 1268 3657 ad
1287 3596 1362 3658 hanc

187 3689 348 3750 verborum
371 3687 509 3750 classem:

279 3777 369 3868 dpcim
403 3777 481 3868 ὄχος
512 3775 648 3868 ὀνίνημι
673 3789 819 3870 Ορτνγιη
852 3809 951 3872 oppos
984 3807 1083 3870 opnor
1116 3791 1222 3852 οπλον
1254 3781 1361 3854 danim

186 3870 277 3958 15555
300 3875 398 3946 ὥθέω
423 3875 494 3966 ὤρη
523 3876 670 3968 οὐρανός
698 3871 800 3968 οὖρος
828 3878 911 3968 odia}
940 3888 1076 3968 olyvvpc
1105 3889 1202 3966 olom,
1233 3889 1362 3970 denique
1444 3947 1447 3954 .

187 3985 288 4045 omnia
316 3982 472 4065 voeabula,
501 4001 628 4062 quoram
661 3983 782 4046 mitialis
812 3983 921 4066 syllaba
947 3988 993 4046 fa
1023 3985 1100 4065 apud
1129 3985 1258 4048 Graecos
1285 3989 1316 4050 in
1344 4007 1362 4048 o

188 4081 233 4142 rel
253 4101 297 4143 ου
311 4079 431 4142 abierat.
469 4079 523 4142 llis
538 4083 617 4143 enim
631 4084 662 4142 in
681 4082 832 4145 vocabulis
851 4083 1005 4164 digamma,
1027 4103 1095 4145 eum
1110 4102 1174 4146 eam
1188 4087 1255 4163 vim,
1270 4095 1362 4149 11155-

188 4198 284 4260 quens
299 4176 409 4240 vocalis
423 4199 444 4240 c
459 4178 505 4240 vel
519 4197 534 4240 ε
549 4178 786 4262 obsurdesceret,
805 4183 997 4264 exercuisset,
1015 4184 1113 4261 ipsum
1128 4201 1253 4261 prorsus
1266 4185 1362 4248 abiec-

188 4286 252 4340 tum
276 4295 343 4337 5555
366 4275 452 4356 plane
477 4277 615 4339 simililer
641 4285 730 4359 atque
758 4280 836 4359 apud
860 4279 1022 4341 Germanos
1049 4283 1296 4360 septentrionales
1326 4304 1363 4345 ex

189 4371 316 4436 ‘wormr
340 4381 416 4436 wart
439 4370 562 4436 wundr'
586 4370 761 4438 ε5111115111
785 4373 880 4441 undr'
904 4378 979 4439 lacta
998 4387 1107 4460 essent,
1130 4383 1248 4461 egregie
1266 4401 1363 4464 nuper

189 4471 249 4533 Leo
281 4471 383 4553 lleyer
413 4471 447 4534 11.
480 4472 510 4534 Ζ.
546 4471 642 4534 xxur
673 4471 718 4565 ,49
751 4474 861 4537 docuit.
925 4475 1060 4539 Fuerunt
1091 4487 1189 4540 1515511
1222 4481 1363 4542 nonnulla

1097 4579 1150 4635 11*
