3276 5090
760 373 975 437 ..40-

281 557 410 618 coquere
443 555 563 615 possum
597 555 693 615 neqere
726 534 792 596 illos
824 535 925 615 audio,
958 537 1009 614 qui
1042 534 1077 595 ad
1111 537 1297 596 reticentiam
1332 533 1454 594 Homeri

282 637 458 714 confugiunt
486 643 516 695 ct
547 635 622 695 banc
651 643 764 713 partem
794 635 996 712 responsionis
1024 653 1039 693 a
1066 641 1167 712 poeta,
1195 651 1263 694 cum
1287 631 1360 692 nihil
1385 635 1455 692 nori

283 735 387 795 allerre
421 735 566 814 potuerit,
599 734 736 793 omissam
770 751 836 792 esse
869 729 994 792 eredunt
1028 730 1168 792 Pseudull
1197 729 1326 790 Plautini
1353 739 1457 808 partes

285 835 463 893 sustinente:
488 827 606 891 ‘horum
625 849 713 890 causa
738 830 810 890 baec
830 831 927 908 agitur
946 825 1147 908 spectatorum
1171 827 1282 908 labula;
1305 827 1336 887 hi
1355 830 1454 888 sciunt

178 947 184 965 ¹
285 933 336 1010 epu
355 930 403 990 hic
423 923 602 990 adlueruut'.
641 928 742 1008 Neque
762 928 834 988 mihi
853 927 973 1006 quidem
992 927 1149 986 ollensioni
1167 928 1237 1007 erit,
1256 927 1283 984 si
1301 924 1454 985 Patroclus

283 1027 427 1089 Achillem
447 1030 605 1088 convenire
625 1027 741 1088 dicetur
756 1019 966 1108 (Πάτροκλος
981 1016 1012 1085 d'
1026 1016 1148 1104 Ἀχιλῆι
1163 1023 1344 1103 παρίστατο
1360 1025 1397 1082 Π
1404 1017 1454 1103 2),

285 1130 371 1188 etiam
397 1128 504 1186 sinon
529 1133 614 1186 antea
637 1125 673 1186 ab
698 1125 809 1185 Achille
838 1124 1022 1202 speculatum
1047 1125 1156 1183 rubeus
1179 1126 1245 1184 erit.
1292 1122 1351 1183 Cur
1375 1124 1455 1182 enim

286 1228 398 1286 amicus
427 1226 554 1283 amioum
582 1241 635 1283 sua
664 1231 769 1302 sponte
798 1223 879 1282 adire
908 1229 937 1281 et
965 1220 1113 1282 cohortari
1137 1239 1196 1280 non
1220 1217 1339 1298 potuit?
1366 1223 1456 1280 immo

286 1325 358 1384 haec
388 1323 450 1399 ipsa
479 1339 527 1380 res
555 1323 715 1382 recentiori
743 1320 830 1380 alicui
859 1319 1035 1380 llomeridae
1063 1335 1164 1380 ansam
1194 1316 1311 1378 dedisse
1340 1318 1457 1378 ridetur

286 1419 433 1481 adiciendi
457 1436 560 1480 versus
581 1420 611 1478 A
630 1417 746 1480 596-
762 1417 838 1478 Mt
861 1427 890 1477 et
913 1414 1144 1497 0390-405,
1169 1424 1201 1477 ut
1224 1416 1328 1477 similis
1352 1433 1458 1475 versus

289 1518 323 1578 Σ
343 1517 364 1578 2
389 1535 492 1576 tersus
518 1515 671 1577 P637-
676 1515 739 1578 716
763 1518 888 1594 peperit.

377 1613 436 1674 Sed
469 1621 502 1674 ut
534 1614 569 1674 ad
606 1617 791 1693 propositum
829 1633 927 1674 nucum
965 1622 1110 1694 retertar,
1148 1632 1280 1673 errorem
1317 1631 1461 1673 versuum

291 1713 320 1772 Ο
335 1709 520 1792 390-405,
544 1711 653 1791 quibus
672 1711 849 1792 Patroclum,
873 1733 960 1794 quem
985 1713 1075 1773 celeri
1094 1713 1187 1791 gradu
1207 1705 1314 1796 (θέων
1334 1711 1364 1770 Α
1378 1707 1461 1792 807)

289 1813 324 1873 ad
345 1809 488 1871 Achillem
508 1811 604 1871 redire
624 1819 654 1871 ct
674 1819 706 1871 ut
724 1809 864 1890 Euryppli
884 1811 990 1872 vulnus
1010 1809 1155 1889 obligaret
1173 1829 1260 1889 aegre
1280 1817 1462 1870 commotum

289 1929 354 1972 esse
378 1903 426 1988 (A
449 1901 529 1990 838)
553 1908 756 1989 audieramus,
786 1908 883 1986 paedlo
912 1917 979 1988 post
1004 1903 1047 1991 (0
1071 1904 1151 1994 393)
1175 1907 1302 1970 Achillis
1331 1907 1462 1967 mandati

290 2026 413 2088 prorsus
445 2006 569 2066 oblitum
602 2025 670 2067 curm
699 2005 848 2086 Eurypylo
881 2006 1119 2068 confabulantem
1149 2009 1330 2086 invenimus,
1363 2007 1463 2095 miuus

291 2106 428 2184 equidem
453 2123 539 2184 curo,
569 2106 707 2183 quoniam
731 2103 763 2164 bi
788 2122 890 2166 versus
916 2104 944 2164 0
967 2102 1157 2184 390-405,
1181 2107 1233 2184 qui
1257 2121 1344 2183 qeram
1368 2103 1463 2180 inepti

291 2205 364 2282 sint,
397 2201 583 2263 llernrannus
610 2221 712 2281 opusc.
736 2201 759 2260 V
788 2199 827 2262 61
859 2205 977 2281 egregie
1006 2202 1203 2284 demonstrat,
1236 2201 1339 2280 procul
1372 2199 1465 2260 dubio

294 2297 463 2377 interpolati
487 2306 517 2357 et
540 2299 609 2358 lorti
634 2299 745 2359 medela
770 2300 924 2360 resecandi
947 2319 1013 2360 esse
1037 2301 1183 2362 ridentur.

380 2394 477 2474 Atque
497 2397 635 2474 quoniam
655 2398 685 2456 in
704 2395 861 2456 oblivionis
879 2398 1013 2477 partibus
1033 2417 1194 2478 versamur,
1212 2398 1285 2459 illud
1301 2417 1419 2476 quoque
1434 2399 1465 2457 in

293 2495 465 2554 memoriam
494 2492 560 2575 tibi,
590 2492 713 2555 candide
736 2494 843 2575 lector,
866 2514 986 2577 revoco,
1010 2497 1089 2575 quod
1113 2499 1169 2556 iam
1195 2499 1224 2556 in
1250 2498 1344 2576 primo
1368 2497 1466 2573 capite

293 2594 426 2674 exposui,
450 2591 526 2652 loris
550 2611 686 2653 severum
710 2593 840 2654 edictum
865 2597 895 2655 in
920 2597 1004 2654 initio
1027 2594 1096 2655 libri
1116 2597 1211 2655 octeni
1230 2596 1415 2654 eneratiatum
1434 2595 1466 2652 in

293 2691 376 2751 libris
400 2699 503 2751 octavo
526 2699 556 2751 et
579 2690 694 2752 decimo
718 2699 823 2770 quarto
847 2692 1008 2772 plurimum
1032 2693 1066 2753 ad
1088 2710 1188 2752 rerum
1208 2694 1287 2753 vices
1306 2693 1416 2772 valere,
1436 2693 1466 2750 iu

294 2788 378 2849 libris
406 2789 522 2848 decimo
546 2796 577 2849 et
600 2790 756 2850 undecimo
780 2809 904 2869 prorsus
928 2791 1129 2850 obiectumst
1153 2793 1339 2870 consopitum
1364 2789 1467 2849 rideri.

383 2889 403 2965 ἓ
427 2885 478 2949 27.
515 2887 593 2947 llaec
618 2895 647 2947 et
671 2907 746 2968 perae
769 2897 854 2949 autea
878 2907 893 2948 a
917 2907 964 2948 rue
989 2889 1169 2966 significatae
1193 2897 1264 2949 suut
1286 2889 1467 2948 offensiones

274 3001 363 3047 'cum
388 3004 492 3065 magno
512 2984 625 3046 ambitu
645 3005 745 3068 rerum
769 2988 799 3046 in
819 2995 977 3065 angustum
1003 3005 1163 3064 paucarum
1187 2987 1327 3048 horarum
1348 2995 1467 3065 tempus

295 3092 492 3146 coartatarum
517 3082 685 3144 cohaerent.
731 3083 803 3144 Nam
831 3103 899 3144 cum
927 3103 976 3144 res
1004 3085 1096 3144 altero
1120 3084 1190 3145 belli
1212 3084 1260 3145 die
1284 3093 1383 3164 gestae
1407 3103 1468 3144 uno

295 3181 371 3242 libro
391 3189 493 3241 octavo
513 3189 681 3261 narrantur,
701 3184 807 3242 tertius
827 3181 890 3242 dies
911 3190 989 3242 totos
1008 3191 1075 3243 octo
1095 3183 1186 3244 libros
1203 3183 1232 3243 A
1250 3216 1287 3224 -
1306 3183 1339 3243 Σ
1356 3181 1469 3260 implet.

296 3275 396 3350 Ouid?
423 3278 501 3358 quod
531 3287 597 3340 octo
626 3279 668 3339 illi
696 3277 764 3339 libri
793 3297 851 3338 non
881 3280 975 3340 solum
999 3280 1089 3342 rebus
1112 3284 1203 3360 gestis
1228 3283 1310 3342 tertii
1332 3281 1391 3340 diei
1414 3281 1468 3339 iur-

296 3377 425 3456 pleutur,
448 3376 499 3436 sed
525 3379 570 3436 vix
595 3379 631 3437 iis
655 3375 828 3436 enarrandis
852 3378 1017 3459 stridebunt,
1041 3388 1120 3439 tanta
1144 3387 1190 3440 est
1210 3381 1334 3438 varietas
1358 3395 1470 3456 rerum,

297 3493 412 3555 pugnae
441 3476 470 3534 in
500 3483 603 3552 aperto
630 3493 734 3553 campo
763 3473 879 3534 diversa
908 3475 1024 3536 lortuna
1053 3485 1212 3556 pugnatas,
1242 3475 1470 3554 expugnationis

298 3573 448 3633 moenium
468 3578 648 3648 castrorum,
666 3572 846 3651 proeliorum
867 3574 1038 3635 suasoribus
1057 3584 1087 3636 et
1106 3573 1318 3654 impulsoribus
1332 3572 1470 3650 Neptuno

299 3673 410 3732 lunone
430 3667 564 3750 Apolline
583 3671 724 3748 deinceps
743 3689 834 3749 prope
855 3690 943 3731 naves
962 3681 992 3732 et
1012 3675 1138 3733 tentoria
1158 3675 1393 3751 courmissorum,
1418 3669 1470 3730 l'a·

298 3768 386 3830 troeli
399 3769 435 3829 ab
450 3766 562 3828 Achille
577 3766 779 3829 laborantibus
791 3768 909 3828 Achivis
924 3768 1056 3830 subsidio
1071 3773 1162 3850 missi,
1178 3773 1306 3850 primum
1316 3769 1472 3844 Troianos,

299 3886 394 3946 usque
418 3866 454 3927 ad
478 3883 580 3925 muros
604 3865 687 3925 urbis
710 3865 895 3947 repellentis,
918 3866 1024 3928 deinde
1048 3867 1084 3928 ab
1103 3867 1264 3947 Euphorbo
1288 3877 1318 3928 et
1340 3865 1471 3925 Hectore

299 3984 355 4044 ope
382 3964 527 4045 Apollinis
558 3965 744 4044 interempti,
776 3964 812 4025 ad
845 3972 1029 4044 postremum
1057 3968 1191 4045 corporis
1221 3967 1313 4027 occisi
1341 3964 1471 4025 Patrocli

300 4081 388 4141 aegre
412 4063 519 4124 servati
544 4069 574 4122 et
596 4063 723 4122 excitato
747 4059 859 4123 Achille
883 4063 1001 4124 tandem
1025 4063 1060 4124 ad
1084 4081 1173 4124 naves
1192 4065 1343 4144 reportati.
1376 4061 1471 4122 Tanta

299 4167 399 4222 autem
417 4162 447 4221 in
467 4179 567 4222 rerum
586 4162 670 4238 copia
689 4160 719 4220 id
738 4163 864 4221 maxime
883 4163 991 4221 mirum
1008 4169 1062 4241 est,
1082 4162 1159 4240 quod
1175 4180 1223 4222 res
1238 4159 1472 4222 antemeridiano

300 4257 359 4318 diei
378 4267 510 4336 tempore
529 4267 629 4338 gestae
648 4259 751 4338 paucis
770 4258 905 4320 versibus
921 4259 950 4318 Λ
966 4257 1072 4320 1-86
1087 4257 1310 4338 adumbrantur,
1329 4267 1370 4339 ut,
1390 4267 1472 4338 post·

302 4373 389 4433 quiam
412 4364 497 4434 poeta
518 4357 547 4416 Λ
567 4354 698 4418 ste-86
722 4354 876 4418 meridiem
900 4357 1010 4418 laetum
1033 4375 1098 4418 esse
1122 4352 1308 4438 significavit,
1331 4363 1474 4436 quattuor

301 4451 421 4512 milibus
439 4471 578 4513 versuum
600 4455 765 4516 interiectis
784 4455 822 4514 Π
838 4451 900 4517 777
921 4454 965 4516 sol
984 4456 1074 4516 medii
1093 4454 1166 4516 caeli
1185 4457 1313 4535 spatium
1332 4471 1473 4533 egressus
