3276 5090
759 405 981 469 ..52-

286 586 375 630 manu
397 568 550 629 bominum
574 569 665 630 iactas
687 577 722 629 ut
743 568 880 631 homines
901 570 960 647 ipsi
982 578 1097 630 mutare
1121 577 1267 648 poterant,
1291 571 1332 629 ita
1355 577 1462 648 poetae

286 685 405 746 quoque
433 685 551 726 movere
579 666 694 728 iacilius
722 667 779 728 sibi
801 668 934 750 permitti
957 665 1187 728 arbitrabantur.
1230 666 1324 728 Aliter
1346 667 1402 728 boc
1426 687 1460 728 se

286 765 374 825 babet
402 766 433 823 in
456 763 546 824 rebus
570 773 693 826 naturae
722 768 750 826 vi
777 769 897 834 immota
925 765 1109 825 constitutis:
1138 782 1273 843 campum
1298 762 1460 826 Troianum

287 871 316 922 et
349 862 561 922 Scamandrum
599 862 709 924 llumen
748 874 778 925 et
811 864 992 925 Simoentem
1030 864 1125 922 rivum
1163 864 1224 922 sive
1263 870 1348 941 poeta
1387 862 1462 922 vidit

286 962 347 1020 sive
380 978 440 1019 non
473 959 547 1019 vidit
579 969 609 1020 ct
641 959 736 1021 solum
768 962 804 1022 ab
837 959 902 1022 aliis
930 977 1066 1039 campum
1094 958 1255 1020 Troianum
1284 960 1320 1020 ad
1351 967 1460 1021 utram·

288 1075 345 1136 quc
388 1060 482 1136 ripam
519 1057 693 1118 Scamandri
734 1059 866 1120 lluminis
908 1065 1010 1137 patere
1048 1051 1180 1136 (πεδίον
1217 1049 1461 1138 Σκαμάνδριον

288 1155 315 1214 Β
339 1151 419 1234 465)
449 1157 576 1234 accepit,
606 1159 775 1217 necessario
802 1155 851 1216 ille
875 1163 942 1216 utra
966 1157 997 1214 in
1019 1156 1084 1232 ripa
1111 1154 1221 1214 Priami
1244 1155 1364 1235 urbem,
1392 1163 1460 1215 utra

287 1259 383 1310 castra
407 1241 586 1311 Achivorum
614 1254 709 1329 posita
733 1253 871 1334 voluerit,
899 1255 939 1313 ita
963 1252 1094 1312 indicare
1118 1251 1257 1332 debebat,
1285 1262 1320 1312 ut
1342 1255 1374 1312 in
1397 1261 1461 1314 toto

287 1357 422 1426 poemate
456 1348 500 1407 vel
532 1351 558 1408 si
591 1351 683 1409 mavis
714 1353 744 1410 in
768 1351 906 1413 omnibus
938 1348 1120 1410 carminibus
1153 1348 1210 1410 sibi
1238 1357 1398 1410 constaret.
1450 1349 1462 1408 Ι

289 1464 382 1524 οαοο,
406 1453 436 1504 et
460 1443 592 1524 singulos
615 1444 709 1527 locos,
733 1449 842 1526 quibus
866 1446 1045 1508 Scamander
1068 1447 1176 1507 iluvius
1200 1457 1459 1527 commemoratur,

287 1545 429 1603 examina.
474 1542 507 1601 ln
535 1542 772 1606 duodevicesimo
795 1548 926 1606 carmine
951 1546 981 1604 A
1003 1542 1069 1604 498
1093 1563 1199 1625 μακης
1222 1537 1271 1605 ἐπ’
1299 1536 1459 1626 ἀριστερὰ

287 1633 435 1721 μάρνατο
467 1633 574 1719 πάσης
606 1633 711 1722 ὄχθας
740 1638 807 1724 πὰρ
841 1651 1003 1723 ποταμοῖο
1036 1633 1265 1722 Σκαμάνδρου
1298 1644 1458 1721 perspicue

289 1747 374 1816 poeta
402 1739 549 1816 significat
577 1747 607 1798 et
630 1738 748 1800 Troiam
777 1742 882 1802 urbem
909 1751 940 1802 et
967 1749 1076 1820 castra,
1106 1740 1184 1799 unde
1207 1739 1312 1800 Achivi
1340 1741 1462 1800 llumine

291 1853 349 1894 non
374 1837 498 1896 traiecto
522 1837 635 1914 egressi
658 1845 752 1918 erant,
775 1841 805 1898 in
830 1840 931 1900 eadem
952 1837 1124 1898 Scamandri
1142 1838 1206 1916 ripa
1225 1837 1346 1898 dextera
1366 1840 1485 1916 posita,

289 1933 391 1993 luisse.
437 1931 525 1994 Plane
553 1933 633 1994 idem
660 1935 690 1994 in
720 1937 823 2013 quinto
852 1935 928 1996 libro
955 1943 1072 2015 poetam
1102 1936 1232 1994 sensisse
1255 1943 1378 2013 apparet
1402 1932 1463 1994 col-

289 2029 355 2090 latis
388 2029 523 2090 versibus
557 2031 588 2090 E
613 2027 656 2092 36
685 2041 715 2118 et
742 2033 774 2092 E
798 2029 872 2094 355.
917 2033 1014 2112 Atque
1042 2033 1114 2092 baec
1147 2033 1267 2111 quidem
1300 2031 1463 2111 descriptio

289 2127 375 2206 plane
404 2130 541 2188 convenit
569 2128 627 2188 loci
649 2136 785 2212 naturae,
813 2134 839 2192 si
863 2139 958 2193 castra
982 2130 1160 2190 Achivorum
1184 2131 1215 2189 in
1238 2129 1326 2189 litore
1350 2127 1463 2188 Helles-

290 2227 374 2302 ponti
402 2243 436 2284 ex
466 2225 586 2286 dextera
615 2228 678 2304 ripa
703 2227 875 2288 Scamandri
903 2227 1058 2307 collocata,
1085 2226 1204 2287 Troiam
1233 2225 1339 2287 urbem
1362 2229 1393 2286 in
1417 2245 1463 2306 eo,

290 2325 377 2383 cuius
404 2325 517 2384 viscera
542 2321 767 2384 Scbliemannus
795 2328 926 2407 aperuit,
953 2323 1027 2385 colle
1055 2333 1237 2385 exstructam
1262 2325 1354 2385 luisse
1378 2335 1464 2402 puta-

290 2438 365 2481 mus.
412 2418 470 2478 Sed
494 2418 559 2498 boc,
583 2427 729 2500 utsupra
754 2425 931 2502 monuimrn,
955 2420 1027 2482 nibil
1051 2421 1086 2482 ad
1110 2439 1255 2482 summam
1280 2424 1466 2502 quaestionis

291 2519 434 2596 pertinet,
462 2516 549 2576 modo
577 2525 694 2597 poetam
718 2520 758 2579 ita
782 2522 911 2580 sensisse
935 2520 1107 2579 examinatis
1130 2517 1188 2579 illis
1212 2519 1284 2580 locis
1309 2519 1466 2579 concedas.

291 2615 418 2676 Prorsus
450 2616 628 2676 contrariam
657 2615 883 2677 delineationem
911 2619 974 2695 agri
1001 2619 1031 2676 in
1059 2614 1124 2675 aliis
1152 2617 1334 2677 carminibus
1362 2615 1466 2676 babes.

291 2711 422 2780 Primum
446 2715 477 2772 in
500 2715 631 2772 carmine
654 2715 797 2790 vigesimo
820 2713 951 2775 mcundo
974 2710 1197 2784 2432-435
1216 2722 1303 2792 poeta
1323 2713 1464 2774 Scaman-

290 2809 377 2870 drum
411 2809 540 2869 medium
572 2811 650 2870 inter
683 2811 787 2872 urbem
820 2822 850 2872 et
877 2820 971 2872 castra
1001 2811 1121 2872 duxisse
1149 2811 1276 2890 ideoque
1305 2819 1402 2872 castra
1432 2813 1465 2872 in

292 2906 347 2967 alia
370 2915 459 2986 atque
482 2907 587 2968 urbem
611 2909 676 2986 ripa
699 2911 794 2986 posita
813 2910 905 2970 fuisse
924 2916 1025 2987 aperte
1044 2909 1198 2987 significat,
1221 2910 1279 2969 nisi
1298 2909 1374 2968 iorte
1394 2908 1466 2968 levi·

181 2995 185 3002 ’
293 3014 382 3066 tatem
415 3006 572 3065 imitatoris
605 3023 709 3066 versus
744 3007 775 3066 Φ
805 3005 890 3068 1-2
922 3024 1027 3085 parum
1059 3007 1277 3083 circumspecte
1308 3005 1366 3066 boc
1398 3003 1466 3064 loco

292 3103 464 3180 reponentis
496 3103 633 3162 incusare
666 3102 765 3163 males.
812 3103 891 3163 idem
923 3111 1021 3162 autem
1056 3102 1093 3162 de
1121 3101 1303 3162 carminibus
1334 3099 1384 3162 14.
1415 3099 1466 3162 15.

291 3197 343 3260 40.
369 3197 464 3258 valere
492 3201 635 3278 inspectis
660 3197 794 3260 versibus
817 3201 856 3260 H
875 3197 948 3261 329.
971 3201 1000 3260 Θ
1026 3196 1100 3260 490.
1129 3195 1202 3260 560.
1230 3199 1264 3259 Ω
1291 3197 1357 3260 350
1380 3197 1467 3259 intel·

292 3295 372 3374 leges
409 3305 439 3356 et
475 3297 511 3356 de
549 3297 726 3375 interpolato
764 3315 852 3358 versu
891 3298 929 3357 Π
957 3293 1021 3357 398
1054 3296 1139 3356 iacile
1174 3295 1228 3356 tibi
1261 3294 1467 3375 persuadebis.

293 3393 426 3472 lienique
450 3397 479 3455 in
504 3395 573 3455 libri
596 3393 663 3454 xxl
687 3395 778 3456 altera
799 3405 892 3476 parte,
916 3395 1051 3473 inprimis
1071 3393 1207 3454 versibus
1228 3395 1260 3454 Φ
1278 3391 1468 3474 ara-247,

293 3490 434 3572 Achilles,
467 3511 534 3553 cnm
567 3490 672 3552 urbem
705 3491 900 3556 Troianorum
933 3498 1061 3570 peteret,
1089 3509 1123 3551 er
1158 3491 1250 3552 altera
1283 3494 1314 3551 in
1342 3492 1468 3552 alteram

292 3592 387 3668 ripam
412 3591 563 3649 traiecisse
583 3589 693 3649 diserte
713 3591 835 3671 dicitur3
858 3589 1024 3668 ambiguam
1043 3597 1140 3648 autem
1160 3607 1280 3649 causam
1300 3607 1365 3650 esse
1385 3591 1467 3667 prin—

292 3688 363 3766 cipii
387 3687 519 3747 eiusdem
539 3685 606 3747 libri
627 3704 715 3764 supra
735 3706 763 3765 p.
782 3685 825 3748 43
845 3689 976 3766 exposui,
1000 3689 1039 3746 ita
1063 3695 1161 3746 tamen
1184 3695 1218 3746 ut
1241 3685 1334 3746 multo
1359 3686 1469 3746 melius

293 3782 437 3844 Achillem
460 3785 491 3842 in
515 3782 615 3844 eadem
640 3785 703 3862 ripa
723 3787 865 3844 mansisse
885 3785 973 3845 dicas.
1015 3782 1164 3844 Tantaene
1187 3783 1293 3845 turbae
1318 3786 1363 3844 rei
1386 3785 1468 3864 prin-

293 3881 396 3961 cipalis
433 3883 463 3940 in
498 3881 600 3940 eodem
634 3889 769 3958 poemate
802 3881 934 3941 eiusdem
968 3882 1040 3940 vatis
1073 3880 1145 3940 lerri
1174 3877 1324 3958 possunt?
1362 3899 1408 3940 me
1442 3883 1470 3941 si

293 3979 391 4058 audis,
419 3996 479 4038 non
507 3986 640 4055 possunt.
686 3977 788 4056 Neque
816 3979 895 4038 enim
924 3995 970 4037 me
999 3977 1087 4058 iugit,
1115 3979 1141 4037 si
1163 3987 1260 4039 castra
1284 3981 1315 4040 in
1338 3987 1469 4058 utraque

295 4077 357 4156 ripa
388 4075 561 4137 Scamandri
593 4084 624 4134 et
653 4077 779 4134 tentoria
806 4074 928 4135 Achillis
955 4093 1048 4154 prope
1076 4079 1316 4153 promuntorium
1345 4077 1469 4156 Sigeum

294 4175 390 4252 posita
419 4175 509 4234 luisse
538 4181 659 4253 statuas,
688 4187 791 4232 versus
819 4171 962 4233 librorum
992 4171 1030 4232 H
1054 4180 1084 4231 et
1110 4171 1143 4232 Ω
1170 4173 1389 4252 quodammodo
1417 4193 1469 4234 ex·

294 4271 397 4348 plicari
426 4289 526 4352 posse,
554 4269 605 4331 sed
634 4277 753 4330 manent
777 4272 894 4330 immota
919 4270 1127 4348 impedimenta
1151 4267 1296 4332 librorum
1325 4273 1354 4334 Θ
1382 4280 1413 4332 et
1441 4267 1474 4344 Ξ

296 4375 326 4426 et
355 4367 399 4447 Φ,
431 4371 570 4447 quoniam
598 4368 733 4430 versibus
761 4369 793 4428 Ε
817 4365 860 4430 36
888 4375 918 4429 et
945 4369 976 4428 Λ
1003 4364 1068 4430 498
1097 4367 1200 4428 Achivi
1227 4377 1258 4428 et
1286 4369 1408 4431 Troiani
1436 4371 1471 4430 in

296 4461 417 4528 dextera
444 4467 507 4546 ripa
536 4465 708 4528 Scamandri
735 4483 883 4546 pugnasse
911 4483 1007 4546 neque
1036 4457 1164 4524 interim
1177 4463 1288 4526 llumen
1312 4469 1470 4532 traiecisse
