3280 5104
657 397 870 462 ..89-

176 558 463 640 prolegomenorum.
504 561 547 622 Eo
571 570 670 623 autem
694 563 808 622 minora
831 561 904 622 mibi
927 562 1136 642 impedimenta
1159 565 1348 646 parabantur,

177 676 235 736 quo
252 661 345 736 magis
360 666 464 719 natura
480 661 610 738 partium
625 656 792 739 dillerebat3
812 661 879 738 quis
896 663 984 742 enim,
999 679 1118 742 quaeso,
1133 670 1166 722 ut
1180 664 1349 742 exemplum

176 757 310 837 alteram,
340 756 500 838 dubitabit,
527 760 600 838 quin
628 757 698 819 libri
726 757 850 819 secundi
872 760 956 837 prior
979 778 1048 839 pars
1071 758 1145 820 alius
1168 763 1287 840 generis
1310 763 1349 822 sit

175 862 265 933 atque
294 854 444 934 catalogus
473 854 614 918 navium?
651 855 708 916 Sed
737 855 786 916 alii
809 865 880 918 sunt
902 855 984 937 libri,
1013 857 1093 918 velut
1115 858 1145 918 Λ
1170 867 1200 918 et
1225 858 1269 940 Φ,
1297 862 1349 938 qui

175 954 303 1014 maiores
335 956 466 1015 excitent
498 954 711 1035 dubitationes,
743 973 812 1016 cum
838 963 890 1016 aut
917 957 1021 1036 quaeri
1048 957 1155 1036 possit,
1188 975 1258 1016 num
1288 959 1348 1018 siut

111 1129 115 1136 ι
175 1053 297 1112 omuino
325 1053 355 1113 iu
384 1051 458 1113 duas
486 1061 585 1132 partes
613 1053 777 1134 diuidendi,
809 1062 861 1115 aut
888 1054 924 1115 ad
954 1053 1033 1134 quod
1061 1055 1226 1114 carminum
1254 1074 1347 1134 geraus

176 1157 304 1227 utraque
336 1167 406 1227 pars
438 1150 594 1212 referenda
628 1151 679 1231 sit3
712 1151 765 1211 sad
798 1152 834 1212 de
862 1151 909 1214 bis
937 1170 1055 1233 quoque
1083 1155 1113 1214 in
1142 1153 1348 1232 superioribus

175 1245 324 1326 capitibus
347 1247 456 1307 allatim
480 1247 552 1326 quid
576 1249 755 1309 sentiremus
778 1251 957 1329 aperuimus.

266 1344 367 1424 Longe
410 1363 479 1404 vero
520 1347 661 1406 maximas
703 1346 892 1409 difficultates
928 1350 1014 1411 nobis
1051 1349 1193 1429 parabant
1230 1358 1261 1409 et
1297 1351 1347 1412 diu

175 1442 333 1503 doctorum
361 1443 515 1504 bominum
543 1441 637 1504 octdis
664 1444 819 1523 caliginem
851 1445 1042 1507 ollundebant
1069 1449 1089 1506 ii
1118 1446 1199 1528 libri,
1232 1450 1284 1527 qui
1312 1467 1347 1508 ex

175 1543 263 1602 variis
292 1540 429 1602 versibus
455 1543 496 1602 ita
525 1543 693 1604 concinnati
720 1552 750 1604 et
773 1547 929 1623 temperati
952 1555 1035 1625 suut,
1065 1555 1097 1608 ut
1120 1550 1216 1625 primo
1240 1546 1346 1606 obtutu

174 1640 268 1699 aciem
301 1641 410 1700 mentis
442 1639 552 1700 labant
598 1638 662 1700 lluc
694 1641 841 1718 imprimis
873 1644 1023 1721 pertinent
1056 1644 1146 1704 medii
1163 1653 1203 1704 et
1231 1653 1347 1704 veteres

174 1735 242 1796 libri
272 1737 385 1818 iliadis,
417 1737 527 1816 quibus
560 1736 695 1798 cardines
727 1756 829 1800 rerum
862 1729 1053 1802 continentur
1085 1750 1115 1802 et
1144 1743 1195 1821 qui
1223 1741 1347 1802 consilio

174 1840 275 1915 operis
311 1844 398 1897 aucto
436 1844 467 1896 ct
499 1836 619 1896 dilatato
656 1839 765 1897 mutari
798 1855 857 1897 non
890 1847 1034 1917 poterant
1086 1839 1194 1900 Verum
1228 1846 1262 1899 ut
1293 1839 1347 1900 bos

174 1934 267 1994 libros
291 1932 432 1994 secundis
455 1935 536 1994 curis
559 1933 730 2010 immutatos
754 1927 984 2016 (uberarbeitet)
1003 1938 1102 1998 dicere
1122 1937 1199 1998 baud
1220 1937 1346 1998 arduum

173 2041 227 2112 est,
251 2035 292 2092 ita
316 2038 398 2092 certa
422 2031 635 2091 discriminatio
659 2033 789 2110 partium
813 2050 900 2111 saepe
923 2042 983 2094 tam
1007 2034 1136 2095 difficilis
1159 2043 1214 2116 est,
1238 2044 1271 2096 ut
1290 2037 1347 2096 uisi

173 2133 319 2190 acerrime
347 2131 460 2188 intenta
488 2130 596 2189 mentis
623 2130 687 2189 acie
714 2129 788 2190 nibil
811 2131 955 2210 proficias.
1001 2131 1167 2194 boantem
1195 2134 1287 2213 magis
1315 2135 1346 2192 in

173 2227 227 2288 bac
257 2235 342 2306 parte
372 2227 504 2286 muneris
531 2231 653 2286 cautum
680 2235 711 2286 et
739 2219 987 2309 circumspectum
1016 2248 1063 2290 me
1092 2248 1158 2289 esse
1181 2230 1346 2309 oportebat,

172 2325 251 2404 quod
281 2323 369 2385 multi
396 2333 497 2384 nostra
525 2325 666 2384 memoria
695 2323 816 2403 Berglrii
843 2347 868 2387 v.
896 2326 932 2387 cl.
960 2330 1042 2406 signa
1072 2330 1166 2390 secuti
1191 2328 1344 2407 usquead

171 2440 313 2484 nauseam
342 2422 488 2482 secundas
516 2440 603 2482 curas
631 2423 741 2483 iactant
769 2433 799 2485 et
826 2426 855 2484 in
885 2443 917 2485 re
946 2425 1058 2487 lubrica
1083 2436 1113 2487 et
1136 2429 1249 2487 incerta
1274 2426 1346 2486 nibil

172 2539 231 2580 non
255 2519 315 2580 sibi
339 2518 428 2579 licere
452 2518 643 2580 arbitrantur.
690 2521 748 2581 Sed
772 2523 822 2602 iis,
849 2541 925 2600 quae
949 2541 1039 2603 supra
1062 2527 1200 2604 exposui,
1228 2523 1346 2584 indiciis

172 2621 283 2680 veteris
307 2626 338 2678 et
361 2616 554 2696 amplificatae
577 2615 676 2678 iliadis
699 2637 767 2680 cum
791 2620 891 2681 sobrio
914 2621 1024 2682 iudicio
1048 2621 1188 2682 adhibitis
1211 2630 1242 2682 et
1267 2640 1345 2682 com·

171 2717 309 2778 missuris
338 2717 555 2776 sententiarum
578 2724 716 2776 accurate
739 2721 911 2779 examinatis
935 2719 983 2780 bic
1008 2738 1126 2799 quoque
1151 2739 1222 2799 vaga
1245 2721 1345 2798 opinio

171 2815 348 2895 plerumque
381 2812 417 2873 ad
446 2814 560 2874 llrmam
588 2817 812 2893 persuasionem
840 2817 947 2879 adduci
974 2827 1080 2898 potest
1131 2820 1227 2898 Atque
1255 2819 1344 2878 contl—
1410 2867 1412 2872 .

170 2915 277 2974 denter
304 2931 361 2973 nos
390 2931 426 2972 ex
454 2910 539 2972 libris
563 2913 595 2974 Ε
619 2921 649 2972 et
672 2912 695 2973 I
719 2917 902 2976 recentiores
930 2917 1173 2996 interpolationes
1197 2919 1344 2978 exsecari·

171 3031 250 3092 mus3
274 3029 342 3072 nam
367 3019 397 3071 et
420 3010 543 3072 aderant
566 3019 648 3072 certa
670 3012 779 3073 indicia
797 3015 940 3074 orationis
959 3023 1047 3092 atque
1066 3033 1167 3076 rerum
1187 3023 1217 3076 et
1236 3015 1343 3075 claram

172 3111 264 3170 lacem
284 3108 444 3170 lloeeblius
467 3117 498 3169 et
516 3108 661 3189 Brrglrius
685 3109 771 3170 nobis
793 3110 1003 3188 praetulerant.
1041 3111 1074 3170 ln
1096 3111 1172 3172 libro
1193 3114 1231 3174 Π
1245 3121 1344 3173 autem

171 3205 356 3267 restituendo
376 3215 406 3266 et
425 3209 454 3266 in
475 3223 544 3266 suas
563 3214 663 3284 partes
683 3206 841 3268 dividendo
861 3225 947 3286 saepe
962 3227 1018 3268 nos
1033 3209 1152 3288 quidem
1168 3211 1344 3289 reliquimus

172 3307 294 3382 vestigia
319 3306 449 3364 virorum
473 3305 639 3384 doctorum,
662 3306 804 3382 quiante
828 3323 883 3364 nos
906 3305 942 3365 de
961 3305 1018 3366 boc
1036 3305 1113 3367 libro
1132 3307 1168 3366 ad
1187 3310 1343 3385 pristinam

171 3404 295 3464 termam
324 3402 490 3463 revocando
518 3402 753 3483 disputaverant,
782 3401 833 3461 sed
863 3419 898 3462 ex
926 3397 1075 3465 mentione
1106 3405 1286 3484 Sarpedonis
1314 3415 1344 3466 et

173 3500 333 3580 Lyciorum
374 3509 489 3562 certum
531 3500 674 3562 indicium
716 3501 892 3560 recentioris
928 3503 1052 3580 originis
1088 3503 1249 3581 petendum
1286 3507 1343 3565 rati

173 3616 276 3677 magna
305 3600 505 3676 amputatione
533 3617 593 3659 uuo
620 3596 686 3657 loco
715 3597 789 3656 lacta
818 3603 916 3656 cetera
940 3598 1003 3659 lere
1026 3601 1135 3661 intacta
1159 3601 1343 3680 reliquimus.

172 3694 343 3755 ltiliicillimi
362 3713 433 3754 vero
451 3694 486 3754 ad
507 3694 725 3755 restituendum
744 3695 865 3756 luerunt
884 3694 952 3756 libri
971 3697 1040 3757 ΡΣ
1051 3699 1091 3775 Τ,
1106 3699 1185 3759 unde
1204 3701 1343 3778 primum,

173 3811 239 3853 eum
264 3793 301 3854 de
327 3791 476 3853 veteribus
500 3799 530 3852 et
553 3791 738 3871 interpolatis
763 3793 898 3854 versibus
918 3795 1089 3873 separandis
1108 3797 1343 3877 desperaremus,

76 3968 80 3978 Ι
145 3891 224 3952 ‘bos
259 3890 352 3951 libros
381 3897 459 3950 totos
488 3890 619 3951 secundo
647 3909 755 3970 genere
784 3891 951 3954 litterarum
979 3912 1100 3954 exarare
1130 3902 1160 3955 et
1187 3893 1283 3954 solum
1311 3897 1343 3956 in

171 3987 411 4051 adnotationibus
434 3991 485 4068 qni
509 3997 612 4067 postea
633 3991 742 4050 invecti
765 4008 832 4050 esse
856 3991 1029 4052 riderentur
1052 4010 1156 4052 versus
1175 3993 1342 4068 significare

170 4087 382 4168 cogitabamus,
397 4086 448 4147 sed
463 4089 572 4146 iterum
589 4088 758 4168 iterumque
773 4107 805 4148 re
818 4091 985 4150 examinata
999 4091 1128 4150 accrevit
1138 4088 1224 4149 nobis
1234 4090 1342 4150 fiducia

170 4187 277 4246 virium
310 4192 340 4244 et
371 4185 445 4246 duas
477 4184 523 4244 vel
554 4187 654 4262 potius
687 4193 748 4246 tres
781 4194 880 4265 partes
912 4189 1003 4249 certis
1034 4187 1200 4247 litterarum
1232 4188 1342 4250 linibus

170 4281 394 4345 discriminandi
412 4280 579 4361 periculum
598 4283 731 4344 lecimus.
764 4283 878 4354 Quibus
897 4293 995 4345 autem
1014 4287 1197 4363 argumentis
1216 4289 1246 4346 in
1264 4295 1342 4348 vete-

171 4379 254 4442 ribus
278 4380 414 4460 partibns
436 4380 544 4440 borum
566 4379 711 4442 librorum
736 4382 925 4461 segregandis
949 4384 1088 4443 commoti
1112 4385 1217 4466 simus,
1233 4386 1342 4463 'singil-

170 4477 251 4538 latim
274 4478 331 4540 boo
363 4477 427 4540 loeo
461 4497 609 4557 exponere
641 4477 761 4558 longum
794 4489 852 4558 est,
888 4498 992 4540 versus
1027 4479 1130 4542 selecti
1162 4501 1233 4544 num
1265 4484 1341 4544 bene
