3276 5090
647 441 864 508 -35..

164 607 234 668 libri
254 605 349 667 1111111
371 609 402 667 11
427 625 462 666 eo
486 609 647 687 consentit,
671 606 749 686 quod
774 615 900 686 uterque
924 625 1047 668 aurorae
1072 611 1220 686 surgentis
1240 610 1338 670 radios

164 723 255 784 supra
284 723 364 765 mare
393 723 459 766 sese
488 703 673 765 eiiundentes
701 705 785 782 lingit
811 705 844 764 Ω
870 701 910 766 13
934 714 963 765 11
990 705 1027 764 Ψ
1046 703 1119 766 221.
1165 706 1246 776 Quae
1270 725 1338 770 11111

163 805 204 863 ita
215 804 284 882 sint,
299 805 329 862 in
345 821 378 863 re
394 801 529 880 ambigna
544 800 681 880 religioni
695 800 786 861 habui
796 800 957 862 Homerum
972 801 1026 883 111,
1042 805 1067 862 si
1082 805 1183 884 maris,
1194 803 1338 866 Homeros

164 919 217 961 sua
233 899 320 960 leude
336 902 454 979 privare
463 899 637 961 ultimumve
650 897 759 959 librum
769 902 883 960 recenti
892 899 980 960 alicui
993 900 1168 962 llomeridae
1179 905 1338 981 assignare.

253 997 378 1058 Carmen
408 993 449 1058 19
478 999 539 1058 sive
564 998 594 1056 A
618 993 815 1078 596-848,
844 998 922 1076 quod
951 997 1121 1059 Patrocleae
1149 1001 1225 1060 riam
1255 1019 1338 1079 prue-

162 1082 274 1176 munit,
311 1113 370 1155 1111
405 1097 545 1155 continuo
578 1101 646 1172 posi
678 1112 797 1155 carmen
830 1097 1065 1157 vetustissimum
1095 1088 1340 1178 Ἀγαμέμνονος

161 1183 333 1274 ἀριστείας
347 1209 443 1271 neque
458 1199 525 1252 ante
540 1191 695 1270 magnifica
705 1194 834 1252 carmina
849 1193 1065 1275 Τειχομαχίας
1074 1203 1104 1254 11
1113 1194 1339 1275 Πατροκλείας

162 1291 363 1367 compositum
383 1287 457 1368 essd,
476 1297 506 1349 et
520 1307 623 1349 rerum
637 1297 742 1348 natura
756 1288 901 1368 probatur
914 1299 944 1351 et
958 1293 1122 1352 imitatione
1137 1294 1338 1353 recentiorum

162 1391 343 1468 carruirrum,
367 1388 403 1449 de
428 1387 537 1468 quibus
560 1405 627 1447 mox
651 1383 816 1464 disputabo.
858 1387 932 1448 Tota
957 1407 1026 1450 vero
1051 1392 1180 1450 narratio
1204 1389 1338 1450 Nestoris

164 1487 195 1545 Α
224 1483 411 1548 out-iat
444 1487 514 1546 vitio
543 1486 650 1546 nimiae
679 1482 865 1563 loquacitatis
893 1485 1008 1547 laboret
1035 1496 1064 1549 et
1091 1496 1208 1567 poetam
1237 1505 1338 1549 rerum

162 1581 481 1661 Peloponnesiacarum
506 1584 678 1663 peritiorem
701 1599 789 1659 qnam
813 1588 929 1643 ceterae
953 1591 1053 1662 partes
1076 1583 1175 1646 iliadis
1198 1585 1337 1664 produnt.

162 1680 222 1740 Sed
243 1700 279 1740 ne
299 1684 418 1760 gravius
438 1681 599 1760 quidquam
616 1679 686 1738 hinc
702 1677 869 1759 concludas,
889 1688 919 1740 et
933 1680 1018 1742 lacile
1033 1701 1138 1743 versus
1153 1679 1338 1764 689—705,

163 1779 215 1854 qui
229 1780 356 1838 maxime
371 1779 527 1839 oliensioui
542 1786 620 1859 suunt,
630 1779 761 1836 exsecari
777 1784 902 1855 possunt
917 1783 947 1838 el
956 1779 1151 1858 probabiliter
1160 1779 1337 1861 Nitzschius,

162 1873 290 1953 Sagenp.
317 1873 388 1955 129,
416 1884 447 1937 et
473 1875 633 1954 llerglrius,
661 1874 709 1934 Gr.
734 1873 788 1934 Lit.
813 1871 887 1956 601,
911 1883 1001 1938 totam
1025 1880 1112 1938 istam
1135 1881 1335 1940 narrationem

162 1989 198 2030 ex
227 1981 327 2033 vetere
356 1973 454 2052 aliquo
483 1975 613 2034 carmine
640 1972 699 2032 1111
728 1970 903 2032 translatum
932 1991 997 2035 esse
1022 1985 1212 2036 censuerunt.
1258 1975 1334 2036 ileli-

163 2089 220 2148 qua
245 2079 345 2131 autem
368 2089 437 2150 pars
461 2073 601 2132 carminis
625 2077 684 2130 tam
708 2071 835 2147 egregiis
857 2068 1021 2132 luminibus
1044 2075 1186 2134 orationis
1210 2075 1286 2132 nitet
1308 2081 1339 2132 et

164 2177 223 2226 11111
260 2178 342 2230 arcte
381 2187 448 2229 cum
482 2175 544 2229 toto
575 2186 678 2229 rerum
711 2166 814 2227 ordine
847 2167 998 2250 cohaeret,
1036 2179 1069 2232 ut
1101 2179 1337 2232 consummatum

163 2283 268 2342 poema
291 2265 391 2326 iliadis
414 2267 460 2325 rix
485 2283 519 2326 ea
543 2283 645 2326 carere
668 2264 776 2344 possit;
800 2282 857 2344 quo
881 2282 950 2327 oum
978 2267 1106 2348 accedat,
1130 2269 1210 2348 quod
1233 2287 1338 2330 versus

163 2361 194 2420 A
217 2359 282 2423 669
306 2365 421 2423 auctori
445 2359 541 2424 ultimi
565 2362 633 2422 libri
656 2361 755 2421 lliadis
778 2361 811 2420 Ω
830 2358 895 2423 359
919 2365 1053 2444 exemplo
1077 2366 1170 2427 luisse
1194 2367 1337 2447 videatur,

162 2457 284 2518 alteram
304 2468 419 2538 partem
439 2458 506 2518 libri
527 2459 676 2520 undecimi
690 2461 789 2537 priore
805 2457 955 2537 eliquanto
969 2465 1176 2544 recentiorem,
1195 2472 1224 2524 et
1239 2471 1337 2524 tamen

162 2575 198 2616 ex
223 2559 356 2636 perlecto
376 2555 474 2616 lliadis
493 2576 583 2636 opere
603 2575 662 2617 non
682 2555 891 2617 secludendum
910 2575 975 2618 esse
995 2558 1131 2620 iudicavi.
1168 2559 1337 2638 Composito

162 2663 263 2714 autem
282 2663 313 2714 et
331 2657 444 2715 inserto
463 2655 519 2714 hoc
539 2657 669 2716 carmine
690 2657 839 2716 recentior
858 2655 1051 2738 diasceuasta,
1069 2665 1104 2717 ut
1122 2677 1160 2718 ne
1180 2657 1288 2718 Nestor
1307 2665 1337 2718 ei

163 2751 318 2811 Patroclus
347 2755 425 2812 iusto
454 2751 567 2812 diutius
595 2751 690 2812 oculis
714 2755 879 2835 animisque
903 2755 1056 2816 hominum
1080 2754 1337 2837 subtraherentur,

160 2867 268 2908 versus
292 2851 428 2910 iniicetos
451 2845 481 2920 Ξ
499 2847 629 2912 1-152
653 2859 683 2911 et
703 2851 731 2910 O
749 2848 927 2913 390-405
946 2853 1187 2932 superaddidisse
1211 2854 1336 2915 videtur.

186 3104 278 3170 Quid
302 3105 506 3163 cohaereant
529 3107 795 3177 interamnis
818 3107 1004 3164 dissideant
1027 3109 1175 3166 carmine
1198 3109 1283 3167 nied

657 3205 843 3274 quaeritur.
1236 3227 1241 3238 ·

254 3339 273 3417 ξ
289 3339 339 3402 23.
364 3341 499 3405 llesectis
518 3345 574 3404 iam
589 3344 627 3403 iis
641 3340 791 3422 versibus,
811 3359 885 3420 quos
905 3360 921 3402 a
935 3340 1091 3401 Pisistrato
1106 3343 1336 3404 recentioribus-

160 3457 221 3518 que
241 3437 411 3502 llomeridis
430 3441 546 3503 additos
565 3459 631 3502 esse
650 3439 850 3520 probavimus,
869 3437 1030 3520 rideamus,
1049 3458 1119 3500 num
1140 3459 1215 3520 quae
1234 3441 1336 3502 relicta

159 3545 234 3597 sunt
261 3541 391 3600 carmina
421 3559 513 3602 unum
546 3539 710 3620 perlectum
741 3545 771 3597 et
802 3539 832 3596 in
861 3555 893 3596 se
921 3537 1095 3598 conclusum
1123 3555 1232 3617 corpus
1260 3542 1337 3618 epici

159 3637 307 3712 poematis
336 3638 474 3699 alliciant.
520 3640 616 3718 Atque
645 3638 671 3695 si
694 3652 825 3695 summas
853 3651 953 3694 rerum
978 3643 1108 3716 spectes,
1136 3655 1196 3695 non
1224 3619 1336 3716 poteris

159 3749 222 3791 non
242 3733 328 3793 lateri
346 3737 443 3795 omnia
464 3755 499 3796 111
519 3754 579 3797 arno
598 3734 683 3813 quasi
698 3733 794 3812 capite
814 3732 946 3812 prolecta
966 3741 995 3793 et
1015 3733 1050 3792 ad
1066 3732 1223 3794 consilium
1242 3736 1273 3793 in
1287 3730 1336 3792 illo

159 3830 259 3907 capite
284 3829 447 3893 indicatum
472 3833 562 3892 relata
582 3832 683 3892 videri.
721 3829 795 3890 Nam
813 3838 848 3892 ut
868 3833 989 3909 vestigia
1010 3833 1103 3909 ipsius
1122 3840 1227 3910 poetae
1248 3831 1337 3890 versi-

159 3925 219 3985 bus
235 3927 268 3985 Σ
280 3926 457 3991 439-456
477 3949 621 3992 summam
642 3927 756 3988 labulee
776 3928 1056 4006 comprehendentis
1076 3947 1195 4009 sequar,
1214 3927 1337 3988 dissidio

158 4025 242 4082 inter
256 4023 505 4103 Agamemnohem
525 4037 555 4088 et
570 4025 712 4088 Achillem
730 4035 833 4086 exorto
853 4044 921 4086 cum
936 4026 1037 4086 Achivi
1057 4027 1121 4085 sine
1136 4024 1248 4085 Achille
1268 4024 1338 4085 belli

158 4123 311 4182 loctunam
331 4131 509 4206 tentassent,
528 4134 596 4204 post
614 4127 709 4186 iausta
728 4125 811 4184 initia
831 4141 847 4184 a
865 4122 1001 4183 Troianis
1021 4125 1061 4182 lta
1080 4123 1188 4183 devicti
1207 4131 1285 4203 sunt,
1304 4133 1338 4184 ut

158 4219 254 4280 ducos
276 4219 421 4282 vulnerati
444 4223 559 4302 proelio
583 4223 726 4283 decedere
746 4228 924 4298 cogerentur
944 4229 973 4280 et
997 4218 1152 4279 moenibus
1171 4229 1336 4280 castrorum

158 4320 338 4396 expugnatis
356 4337 449 4396 paene
469 4337 558 4380 naves
578 4319 714 4380 incendio
730 4317 908 4378 delerentur.
933 4317 1009 4377 Tum
1024 4314 1166 4396 Achilles,
1186 4319 1237 4396 qui
1252 4326 1337 4380 antea

159 4416 353 4476 condiciones
367 4418 594 4495 Agamemnonis
609 4433 723 4476 summa
738 4435 806 4476 curn
821 4415 1005 4476 contumacia
1019 4416 1177 4495 reiecerat,
1197 4414 1337 4494 precibus

159 4511 289 4574 Patrocli
313 4522 480 4575 commotus
502 4516 629 4576 amicum
654 4515 725 4574 suis
740 4517 830 4574 armis
853 4513 990 4573 indutum
1015 4531 1083 4572 cum
1102 4509 1337 4592 Myrmidonibus

1088 4619 1104 4666 a
1112 4613 1124 4642 1
