3276 5090
749 419 967 482 „44-

272 585 405 662 poeticae
434 582 562 644 libertati
590 590 619 643 et
647 582 849 662 neglegentiae
878 581 958 662 plus,
986 599 1072 661 quam
1097 580 1193 639 severi
1215 578 1313 638 critici
1335 576 1442 635 horum

274 691 441 760 temporum
460 681 623 740 concedere
643 680 753 760 volunt,
777 680 936 740 indulsisse
955 678 1116 739 Homerum
1135 674 1328 756 probabiliter
1347 691 1444 751 nuper

273 780 514 841 demonstrarunt
541 798 609 840 cum
637 779 687 838 alii
714 787 777 840 tum
802 778 924 840 Carolus
947 777 1023 856 Frey
1051 779 1081 836 in
1105 775 1203 836 libello
1231 773 1325 834 bonae
1349 773 1444 850 hugis

273 877 454 958 plenissimo,
477 879 527 940 cui
545 876 666 937 llomeri
691 895 796 937 nomen
821 869 998 957 praelixit.¹)
1035 875 1107 934 Nam
1132 875 1162 934 iu
1186 872 1290 932 eodem
1312 872 1443 930 carmine

271 975 350 1036 idem
372 983 457 1054 pocta
476 976 564 1036 modo
584 977 707 1052 sagittae
727 974 860 1034 hamulus
880 973 1030 1053 cingulum
1051 970 1174 1032 Menelai
1193 988 1251 1030 non
1271 975 1444 1048 penetrasse

274 1069 362 1154 (ider
387 1065 508 1153 ὄγκους
532 1065 625 1146 ἐκτὸς
649 1065 764 1147 ἐόντας
783 1075 816 1132 Δ
836 1069 922 1152 151),
947 1070 1042 1150 ιοοδο,
1061 1087 1128 1129 cum
1149 1069 1253 1146 sagitta
1272 1066 1309 1127 ab
1328 1065 1443 1126 medico

272 1172 493 1251 extraheretur,
523 1174 604 1232 intus
632 1178 736 1250 ruptos
765 1188 830 1230 esse
855 1171 927 1230 dicit
950 1161 1191 1252 (ἐξελκομένοιο
1215 1157 1316 1226 πάλιν
1338 1157 1445 1244 ἒάγεν

272 1261 360 1344 ὀξέες
392 1261 486 1348 ὄγκοι
516 1271 548 1330 Δ
576 1263 670 1353 214),
702 1278 732 1330 et
764 1273 796 1330 in
824 1268 880 1329 alio
909 1269 1039 1328 carmine
1068 1283 1137 1326 sane
1166 1261 1327 1324 oscitamcr
1356 1263 1444 1323 modo

272 1367 394 1427 Achillis
417 1368 531 1428 hastam
555 1376 640 1428 scuto
660 1368 775 1428 Aeneae
798 1385 941 1447 percusso
966 1373 1062 1426 terrae
1082 1363 1222 1426 inllictam
1242 1362 1326 1420 linxit
1345 1351 1446 1441 (ὑπὲρ

273 1457 385 1526 νάιον
408 1459 458 1525 ἐνὶ
481 1465 559 1548 γαίη
583 1463 659 1545 ἔστη
686 1459 829 1549 1280),
856 1465 941 1526 modo
965 1483 1000 1524 ex
1025 1464 1138 1524 Aeneae
1163 1469 1249 1522 scuto
1271 1459 1307 1520 ab
1332 1458 1445 1520 bchille

276 1561 405 1622 evulsam
430 1553 585 1643 (άσπίδος
613 1559 766 1642 ἐξέρυσεν
791 1564 821 1622 T
841 1556 931 1644 323).
968 1561 1049 1632 Quae
1073 1564 1099 1622 si
1123 1560 1180 1621 sibi
1202 1560 1338 1639 permisit
1356 1566 1445 1637 poeta

278 1661 308 1720 in
336 1659 439 1719 eodem
468 1661 612 1740 carmine,
640 1660 718 1739 qnod
744 1662 774 1719 in
798 1659 929 1720 diversas
952 1659 1113 1739 particulas
1138 1657 1217 1718 nullo
1241 1657 1327 1716 modo
1351 1656 1446 1716 disse·

274 1760 335 1818 cari
363 1765 471 1838 potest,
493 1757 565 1838 quid
589 1761 685 1818 severi
708 1765 738 1818 et
761 1757 897 1818 difficiles
921 1776 1037 1840 sumus,
1061 1760 1086 1818 si
1111 1756 1272 1838 Sarpedon,
1297 1757 1348 1834 qui
1371 1755 1445 1815 duo-

274 1856 388 1916 decimo
408 1856 484 1917 libro
504 1858 609 1935 pinnas
628 1859 705 1918 mini
725 1856 875 1916 revellissc
895 1855 1057 1936 dicebatur,
1076 1855 1226 1934 aliquanto
1245 1849 1446 1933 postribuli

273 1953 401 2036 πρῶτος
433 1947 619 2034 sequacem
650 1962 757 2035 τεῖχος
785 1946 925 2036 Ἀχαιῶν
957 1955 1080 2034 dieitur,
1113 1953 1159 2013 vel
1191 1954 1217 2012 si
1249 1952 1285 2012 de
1317 1969 1447 2028 corpore

274 2052 414 2134 Patrocli,
442 2071 529 2132 quem
558 2055 588 2112 in
612 2053 709 2113 medio
733 2071 837 2131 campo
861 2055 984 2132 propius
1008 2050 1112 2112 urbem
1136 2068 1224 2128 quam
1248 2057 1344 2110 eastra
1368 2050 1446 2108 ceci-

273 2151 351 2209 disse
370 2153 400 2210 in
418 2149 494 2210 libro
510 2150 572 2210 XVl
587 2150 721 2231 legimus,
741 2153 771 2211 in
786 2153 916 2211 carmine
931 2159 1033 2210 octavo
1047 2150 1076 2210 o
1089 2145 1155 2209 475
1170 2147 1303 2227 luppiter
1318 2147 1446 2207 Achivos

274 2243 325 2308 ἐπὶ
349 2248 518 2330 πρυμνῇσι
542 2249 662 2310 στείνει
687 2245 723 2310 ἐν
747 2241 910 2333 αἰνοτάτῳ
934 2248 1127 2308 dimicaturos
1150 2265 1216 2306 esse
1239 2243 1410 2325 praesagit?

361 2347 544 2407 Retiecntiae
578 2365 647 2406 vero
680 2366 767 2426 quam
799 2347 890 2406 latum
921 2362 1057 2423 campum
1086 2345 1232 2406 Homerus
1265 2347 1447 2425 permiserit,

272 2452 429 2524 postquam
452 2442 684 2524 SchocmannuS,
708 2446 744 2505 de
769 2444 923 2504 reticentia
946 2440 1067 2503 llomeri
1091 2445 1121 2504 in
1145 2461 1246 2522 opusc.
1266 2442 1306 2502 lll
1328 2440 1447 2524 1-29,

272 2551 302 2602 et
325 2541 468 2624 Naberus,
492 2551 604 2622 quaest.
628 2543 705 2604 hom.
729 2545 749 2621 ξ
773 2541 803 2626 3,
826 2538 976 2620 praeclare
1000 2541 1180 2624 docuerunt,
1211 2545 1314 2622 paucis
1337 2561 1446 2602 moneo

272 2659 330 2700 non
350 2641 507 2702 admodum
526 2642 636 2704 debere
656 2645 741 2707 nobis
760 2645 915 2711 offensioni
935 2667 1009 2727 esse,
1029 2646 1106 2726 quod
1127 2645 1175 2705 dei
1189 2663 1206 2702 a
1220 2649 1299 2702 terra
1314 2642 1345 2701 in
1360 2658 1446 2700 suam

273 2737 372 2797 sedem
397 2737 512 2816 Olympi
536 2732 678 2802 κατὰτὸ
704 2739 922 2826 σιωπώμενον
946 2746 1070 2806 rediisse
1095 2745 1260 2821 linguntur,
1289 2738 1369 2799 velut
1392 2737 1447 2798 hli-

271 2852 360 2896 nerva
385 2836 416 2894 Ε
435 2833 497 2896 133
517 2844 547 2897 et
565 2835 639 2919 418,
658 2848 688 2901 et
707 2844 785 2920 quod
804 2863 853 2904 res
873 2852 957 2903 antea
976 2840 1116 2901 tenuibus
1135 2839 1323 2899 lineamentis
1342 2835 1446 2896 adum-

271 2931 371 2992 bratae
396 2940 497 3010 postea
521 2933 586 2994 luse
609 2935 805 3019 illustrantur,
829 2942 858 3001 id
882 2941 961 3020 quod
985 2940 1095 2999 laetum
1115 2937 1256 3016 videmus,
1281 2937 1306 2994 si
1325 2933 1446 2993 initium

271 3029 340 3090 libri
355 3028 441 3109 xvh,
461 3028 543 3092 Pus
557 3051 625 3093 cum
640 3031 746 3104 5516
762 3039 985 3116 contulerimus,
1004 3037 1061 3096 nisi
1076 3035 1152 3096 lorte
1166 3043 1319 3094 auctorem
1334 3030 1403 3091 libri
1419 3029 1451 3090 P

267 3223 431 3296 Ἱππασίδην
451 3222 597 3296 ’Ῥψήνορα
627 3229 657 3280 N
678 3231 744 3293 411,
770 3221 925 3295 Ἀκάμαντα
949 3223 1061 3279 busson
1084 3224 1171 3278 filium
1196 3226 1220 3275 E
1244 3228 1305 3277 442.
1329 3226 1349 3275 Ζ
1374 3226 1390 3275 8
1416 3224 1447 3276 et

270 3303 424 3376 Ἀκάμαντα
445 3301 638 3375 Ἀντηνορίδην
662 3311 684 3360 Δ
709 3312 750 3360 59.
777 3310 811 3358 Μ
827 3312 878 3360 100
902 3307 931 3360 et
948 3301 1074 3374 Ἀσιάδην
1096 3300 1250 3374 Ἀκάμαντα
1275 3306 1311 3372 (v.
1331 3302 1350 3356 l.
1369 3294 1445 3354 Ἀδά-

271 3389 374 3456 μαντα)
403 3391 438 3440 Μ
464 3392 522 3440 140.
552 3390 583 3440 Ν
609 3391 674 3452 550,
699 3380 858 3455 Ἐχέπωλον
886 3381 1068 3452 Θαλυσιάδην
1097 3390 1122 3438 Δ
1149 3389 1202 3438 458
1231 3386 1260 3438 et
1284 3379 1446 3451 Ἐχέπωλον

268 3461 501 3534 ἈηχισιάδηΓΨ
529 3471 594 3532 195,
618 3461 766 3534 Λαόγονον
794 3464 912 3525 Βίαντος
936 3467 961 3517 Τ
986 3471 1039 3518 450
1067 3467 1096 3518 et
1123 3460 1270 3532 Λαόγονον
1297 3457 1446 3530 Ὀνήτορος

271 3549 299 3600 Π
325 3551 389 3613 604,
420 3540 546 3613 Ἐφύρην
573 3541 682 3612 Ἀρνεος
711 3549 731 3597 Ζ
761 3551 810 3598 tou
845 3547 874 3598 et
899 3539 1025 3613 Ἐφύρην
1053 3541 1100 3599 ἐπὶ
1128 3539 1300 3612 Σελλήεντος
1329 3543 1354 3596 0
1382 3546 1446 3608 531,
1522 3553 1527 3563 ’
1629 3581 1630 3596 a

271 3622 430 3694 Σελλήεντα
454 3641 542 3696 prope
564 3625 685 3679 Arisben
708 3627 743 3678 M
763 3630 805 3680 il'l.
830 3631 851 3678 Β
875 3631 927 3679 839
952 3625 981 3678 et
1002 3619 1163 3693 Σελλήεντα
1186 3640 1274 3692 prope
1298 3621 1444 3691 Ephyram

272 3709 297 3761 O
320 3712 381 3760 531.
405 3710 507 3759 11659.
545 3703 621 3770 Quae
646 3720 708 3757 cum
728 3703 768 3759 itu
791 3704 860 3772 sint,
884 3704 982 3758 dubito
1001 3721 1038 3759 en
1056 3702 1183 3758 excusari
1202 3719 1314 3772 quoque
1332 3700 1446 3770 possint

270 3787 325 3841 duo
351 3784 465 3840 Schedii
489 3782 645 3852 interlecti,
670 3784 742 3838 ulter
765 3785 838 3838 lilius
861 3783 1014 3838 Perimedis
1034 3787 1142 3848 0315,
1167 3784 1239 3838 alter
1261 3781 1336 3836 filius
1355 3779 1445 3850 Iphiti

270 3871 294 3920 P
309 3872 369 3921 307.
408 3865 583 3932 Quamquam
602 3864 709 3918 maiore
726 3863 797 3916 mibi
815 3865 845 3918 hi
864 3864 918 3918 diro
938 3862 1182 3933 Sebediinegotiu
1199 3863 1356 3927 incessunt,
1375 3859 1446 3928 quia

270 3946 411 4000 excelsum
429 3945 522 4000 locum
546 3947 663 4012 uterque
687 3944 838 3999 obtinuisse
858 3944 887 3998 et
905 3944 961 3997 dux
979 3942 1147 3998 Phociorum
1164 3941 1251 3996 luisse
1269 3939 1445 4011 perbihetur,

270 4042 360 4095 neque
372 4025 482 4080 minora
491 4041 593 4079 nomen
602 4023 723 4088 Adrasti,
734 4025 812 4078 cuius
822 4023 922 4079 caedes
933 4023 993 4078 luse
1003 4025 1032 4078 et
1043 4023 1167 4094 graviter
1178 4027 1199 4075 Z
1210 4027 1317 4076 37-65
1328 4022 1445 4074 nstrata

270 4106 339 4174 erut,
356 4105 459 4159 iterum
477 4105 552 4159 inter
570 4104 643 4158 viros
661 4122 679 4158 u
697 4105 826 4160 Patroclo
845 4104 1002 4174 promiscue
1019 4104 1182 4159 interfectos
1197 4107 1227 4157 Π
1240 4109 1292 4157 694
1311 4102 1443 4158 relatum.

364 4188 389 4254 1)
409 4184 485 4249 Quae
504 4183 705 4251 Nutzboruius,
730 4182 781 4238 Die
802 4183 1076 4254 Entstehungsweise
1096 4185 1145 4238 der
1163 4185 1367 4239 Homerischen
1386 4184 1443 4239 Ge-

270 4262 377 4332 dichte,
405 4283 432 4334 p.
458 4271 509 4319 100
533 4283 592 4334 sqq.
616 4265 650 4319 de
674 4266 727 4319 buc
751 4279 781 4318 re
805 4265 944 4334 exposuit,
963 4265 996 4320 ut
1018 4265 1152 4334 pleraque
1170 4265 1199 4318 iu
1217 4263 1291 4319 libro
1309 4265 1445 4334 postumo

271 4343 362 4411 megia
381 4341 482 4397 leviter
501 4343 587 4398 effuse
605 4361 688 4415 quam
708 4342 850 4398 subtiliter
867 4345 1023 4413 ponderata
1040 4335 1120 4411 su'nt3
1144 4361 1194 4398 nee
1217 4345 1317 4413 grevia
1335 4361 1353 4399 a
1371 4344 1443 4400 levi-

271 4423 324 4476 bus
343 4421 475 4478 diseernit
493 4423 696 4490 Volkmaunus,
716 4421 882 4478 Gescbiehte
901 4441 928 4477 u.
948 4423 1041 4478 Kritila
1060 4424 1109 4478 der
1127 4423 1290 4480 Woliscbeu
1309 4424 1446 4493 Prolego·

270 4517 353 4556 manu
370 4519 398 4570 p.
419 4507 469 4555 155
488 4519 547 4570 sqq.
