3276 5090
589 1483 950 1582 Prolegomenon

637 1681 737 1752 hiber
764 1607 902 1772 primus.

306 1865 355 1920 De
378 1861 583 1919 carminibus
606 1839 725 1920 Iliadis
748 1866 945 1935 separandis
968 1869 1003 1921 et
1026 1865 1230 1923 ordinandis.

275 2001 295 2078 ξ
325 2001 354 2062 1.
398 1999 497 2060 lliadis
530 2009 560 2060 et
587 1999 735 2080 Odysseae
767 2003 799 2062 iu
831 2001 969 2064 omnibus
1002 2002 1156 2064 codicibus
1189 2004 1356 2082 grammati·

184 2117 349 2178 corumque
373 2090 581 2180 commentis¹)
605 2097 674 2158 libri
697 2097 787 2158 XlllV
811 2110 881 2160 sunt
904 2101 965 2160 sive
988 2108 1031 2161 tot
1050 2099 1127 2180 libri,
1150 2109 1222 2180 quot
1240 2101 1357 2161 litterae

185 2199 278 2258 ionici
308 2207 338 2258 et
365 2195 495 2274 vulgaris
523 2194 685 2275 alphabeti,
718 2195 827 2275 quibos
855 2195 963 2258 litteris
991 2216 1086 2278 usqne
1114 2198 1150 2259 ad
1175 2199 1254 2258 hunc
1278 2198 1356 2260 diem

186 2293 319 2374 singrdos
351 2293 443 2355 libros
475 2293 658 2372 distinguere
691 2303 720 2354 et
758 2312 915 2358 numerare
952 2305 1144 2356 consuerunt.
1196 2298 1356 2357 Auctorem

185 2393 276 2454 huius
308 2393 460 2452 divisionis
493 2390 698 2452 Aristarchum
731 2394 823 2456 luisse
855 2391 1189 2473 Pseudo-Plutarchus,
1227 2394 1262 2454 de
1296 2394 1354 2452 vita

184 2489 307 2550 Homeri
338 2508 362 2550 c.
393 2486 415 2548 4
448 2490 553 2550 relert:
586 2483 650 2550 εἰσὶ
683 2482 720 2550 δὲ
752 2480 843 2575 αὐτῷ
875 2483 1025 2570 ποιήσεις
1057 2483 1137 2568 δύο,
1171 2481 1270 2562 Ἰλιὰς
1301 2483 1357 2550 καὶ

182 2578 386 2665 'Odrioostm¹
401 2581 586 2668 διῃρημένη
611 2581 748 2666 ἑκατέρα
766 2585 814 2660 εἰς
836 2579 895 2648 τὸν
918 2577 1068 2668 ἀριθμὸν
1092 2586 1160 2650 τῶν
1184 2586 1358 2668 στοιχείων

185 2674 248 2766 οὐχ
271 2675 337 2745 ὑπὸ
360 2673 551 2746 αὐτοῦτοῦ
574 2681 730 2763 ποιητοῦ,
753 2675 826 2745 ἀλλ’
852 2674 918 2747 ὑπὸ
941 2681 1009 2746 τῶν
1032 2683 1268 2767 γραμματικῶν
1290 2680 1358 2744 τοῖν

184 2775 261 2862 περὶ
278 2771 505 2862 Ἀρίσταρχον,
526 2799 584 2860 quo
604 2799 671 2842 cum
691 2783 882 2859 grammatico
897 2780 1070 2844 Eustatbius
1089 2785 1120 2843 in
1139 2783 1359 2844 commentariis

187 2877 286 2939 lliadis
305 2897 332 2958 p.
352 2874 373 2938 5
392 2877 438 2938 ed.
458 2878 536 2957 Lips.
557 2880 715 2958 consentit,
733 2881 790 2939 nisi
810 2879 889 2958 quod
904 2880 1108 2942 Aristarchum
1128 2891 1158 2941 et
1177 2880 1358 2943 Zenodotum

186 2976 309 3039 llladem
333 2986 363 3038 et
382 2975 543 3057 Odysseam
567 2979 597 3036 in
617 2973 709 3036 XXIV
726 2975 819 3037 libros
838 2975 973 3040 divisisse
993 2979 1139 3057 perhibet.
1176 2981 1272 3059 Atque
1292 2997 1358 3058 pro-

187 3075 237 3137 cul
257 3076 346 3140 dubio
366 3075 438 3136 haec
458 3075 563 3135 divisio
583 3093 650 3135 eum
666 3082 765 3134 vetere
780 3075 956 3136 numerandi
970 3071 1116 3156 ratione²)
1132 3077 1271 3138 cohaeret
1285 3086 1314 3138 et
1329 3079 1359 3136 in

187 3174 398 3235 vetustissimis
412 3172 593 3234 editionibus
608 3173 644 3234 ab
658 3171 865 3233 Alexandrinis
879 3176 1078 3252 grammaticis
1091 3173 1239 3235 Zenodoto
1249 3174 1360 3235 Aristo-

187 3273 285 3352 phane
302 3270 474 3331 Aristarcho
493 3271 644 3332 adornatis
664 3279 806 3349 usurpata
825 3272 889 3330 luit.
926 3270 969 3331 Ab
985 3271 1113 3333 llomero
1132 3272 1178 3332 rel
1192 3271 1360 3333 Homeridis

188 3371 349 3450 qrrominus
376 3387 442 3430 eam
470 3371 634 3448 prolectam
663 3386 728 3428 esse
757 3376 935 3449 statuamus,
967 3388 1036 3431 cum
1063 3369 1118 3430 alia
1147 3368 1265 3432 obstant
1297 3378 1359 3432 tum

188 3468 356 3527 litteratura
385 3468 488 3545 viginti
517 3475 657 3545 quattuor
685 3465 850 3526 litterarum
878 3487 894 3526 a
919 3467 1070 3528 Simonide
1098 3466 1218 3528 demum
1241 3470 1359 3528 inventa

190 3574 221 3626 et
251 3564 374 3626 Euclide
408 3565 548 3625 archonte
581 3557 634 3647 (ol.
667 3561 768 3643 XClV,
801 3561 835 3644 2,
868 3584 891 3624 a.
921 3565 989 3626 Chr.
1020 3561 1099 3643 403)
1132 3563 1168 3625 ab
1201 3565 1360 3626 Athenien·
1448 3641 1450 3646 Α

190 3662 274 3724 sibus
298 3669 425 3740 recepta.
463 3661 521 3722 Sed
545 3681 582 3722 ne
601 3659 774 3722 Aristoteles
798 3661 918 3739 qrridem
942 3660 1135 3741 philosophus
1159 3679 1224 3722 eam
1243 3663 1360 3722 novisse

192 3760 325 3840 videtur,
357 3759 609 3840 quandoquidem,
641 3761 666 3819 si
700 3775 758 3837 quo
786 3758 851 3820 loco
879 3777 989 3826 versus
1010 3757 1131 3818 Homeri
1158 3758 1269 3838 laudat,
1301 3775 1360 3817 non

191 3874 317 3920 numero
340 3858 385 3918 vel
410 3856 507 3918 littera
531 3856 692 3936 alphabeti,
716 3857 803 3915 utin
827 3855 921 3916 lexico
941 3853 1087 3934 Apollonii
1106 3854 1262 3934 Sophistae
1282 3863 1312 3915 et
1330 3857 1361 3914 in

191 3956 312 4034 papyris
330 3955 456 4015 vetustis
475 3949 526 4036 (cl.
546 3952 654 4034 Osann,
678 3953 778 4014 anecd.
798 3953 919 4013 Roman.
938 3972 965 4032 p.
986 3946 1066 4033 291)
1090 3952 1200 4012 laetum
1218 3951 1362 4032 videmus,

191 4052 302 4114 librum
331 4070 390 4131 quo
418 4053 544 4131 quisque
568 4070 673 4112 versus
696 4060 793 4111 exstat
816 4052 975 4131 significat,
999 4051 1049 4111 sed
1074 4052 1193 4109 nomine
1217 4049 1253 4110 ab
1276 4068 1362 4129 argu-

194 4159 294 4210 mento
317 4149 386 4210 libri
409 4152 516 4230 petito,
538 4148 619 4210 velut
642 4145 679 4210 ἐν
701 4155 771 4220 τοῖς
795 4147 957 4231 Νίπτροις
979 4156 1057 4227 poet
1081 4166 1105 4208 c.
1133 4144 1172 4207 16
1197 4157 1227 4206 et
1250 4145 1302 4228 24,
1326 4145 1362 4210 ἐν

285 4340 310 4406 1)
330 4337 432 4393 Confer
456 4339 491 4392 de
514 4339 568 4392 bac
591 4354 621 4392 re
640 4336 796 4408 Osannum,
819 4338 985 4393 anecdotum
1006 4337 1162 4391 Romanum
1181 4355 1208 4408 p.
1228 4341 1281 4392 289
1301 4355 1361 4407 sqq.

283 4421 309 4484 Β)
329 4416 430 4473 Confer
448 4418 544 4484 Franz,
564 4417 643 4474 elem.
664 4417 751 4487 epigr.
771 4435 811 4488 gr.
825 4435 852 4487 p.
868 4422 929 4484 348,
948 4420 978 4472 et
991 4433 1083 4471 meam
1097 4417 1363 4474 commentationem

194 4497 246 4552 Die
265 4495 500 4568 Attiousausgsbe
519 4498 568 4553 des
587 4497 788 4552 Demosthenes
807 4516 833 4566 p.
855 4504 894 4551 il.

248 4596 305 4636 mn
319 4595 353 4636 ea.
368 4596 445 4637 cmm
1136 4593 1149 4640 1
