3280 5104
757 395 975 460 ..82-

282 561 376 620 octavi
404 561 600 638 compositum
628 575 694 618 esse
718 556 849 617 dixisset.
874 555 943 616 Ben.
966 555 1085 616 Niesius
1109 563 1221 636 autem,
1249 564 1282 617 ut
1305 555 1452 633 originem

281 657 454 716 Homericae
477 657 576 735 poesis
598 657 766 737 rimaretur,
791 656 935 734 quaesivit
957 652 1006 714 ille
1026 653 1155 734 quidem,
1177 655 1230 733 qui
1250 652 1358 732 quihus
1377 651 1452 712 locis

281 752 415 831 exemplo
439 753 558 834 luserint,
581 752 632 812 sed
657 753 760 831 paucis
784 749 897 813 collatis
921 749 1057 811 versibus
1081 768 1139 810 non
1159 769 1202 829 ea,
1226 767 1283 829 qua
1306 768 1359 828 par
1377 759 1452 830 erat,

280 851 430 930 diligentia
460 868 543 910 suam
571 852 752 928 provinciam
780 857 940 911 exsecutus
968 855 1013 908 est
1036 855 1067 908 et
1089 848 1162 908 adeo
1186 865 1248 908 rem
1277 849 1398 910 invertit
1421 857 1452 908 et

281 951 433 1030 pervertit,
456 955 489 1006 ut
511 945 620 1006 librum
646 953 761 1007 sextum
784 954 852 1006 ante
875 948 1012 1025 quintum
1036 953 1066 1006 et
1084 948 1221 1025 quintum
1241 951 1309 1006 ante
1329 947 1451 1006 tertium

281 1057 310 1108 et
344 1054 481 1126 quartum
519 1051 618 1104 ortum
655 1061 721 1104 esse
759 1043 816 1104 sihi
852 1043 1054 1121 persuaderet.
1110 1042 1168 1103 Sed
1201 1042 1293 1121 pudet
1325 1043 1451 1103 aliorum

280 1162 398 1205 errores
422 1141 522 1204 multis
546 1140 691 1223 refellere,
714 1143 803 1205 immo
826 1140 912 1201 aliam
935 1159 997 1202 rem
1022 1160 1089 1202 cum
1113 1141 1217 1202 ordine
1241 1140 1451 1220 chronologico

280 1252 361 1304 arcte
385 1240 593 1302 cohaerentem
616 1241 674 1300 iam
698 1247 838 1300 excutere
861 1240 957 1299 visum
981 1248 1034 1300 est.

368 1339 388 1416 ἕ
407 1336 459 1398 40.
497 1335 673 1417 Magnopere
692 1336 806 1418 singula
826 1339 955 1398 camnine
974 1336 1073 1397 iliadis
1091 1335 1148 1396 hoe
1168 1338 1286 1398 nomine
1301 1337 1450 1410 dillerunt,

280 1438 357 1518 quod
383 1436 436 1496 alia
461 1454 529 1496 cum
553 1434 797 1497 antecedentibus
819 1435 1002 1496 carminibus
1025 1443 1106 1496 arcte
1130 1434 1303 1515 cohaerent,
1331 1433 1385 1494 alia
1409 1437 1450 1494 ita

279 1533 391 1596 divulsa
421 1541 503 1614 seint,
531 1541 565 1593 ut
593 1551 648 1594 suo
675 1532 734 1593 talo
762 1532 1028 1594 stareuideantur.
1074 1531 1213 1610 lnprimis
1236 1530 1311 1592 liber
1330 1531 1451 1592 undeci-

279 1651 346 1693 mus
369 1634 408 1692 ita
433 1631 587 1691 exorditur
611 1639 641 1690 et
663 1632 839 1712 pertexitur,
863 1639 896 1692 ut
918 1629 1031 1691 cladem
1051 1628 1230 1690 Achivorum
1252 1629 1328 1690 libro
1348 1637 1453 1689 octavo

280 1728 402 1790 relatam
431 1747 555 1807 prorsus
582 1747 641 1788 non
670 1729 819 1807 respiciat.
865 1727 994 1789 Octavus
1024 1745 1143 1807 quoque
1172 1726 1247 1788 liber
1274 1745 1335 1788 non
1360 1730 1453 1807 magis

282 1829 414 1908 proxime
448 1825 658 1886 antecedentes
690 1825 781 1886 libros
815 1843 903 1904 quam
935 1828 1064 1904 primum
1097 1823 1206 1884 librum
1235 1827 1320 1904 sequi
1348 1829 1452 1906 possit,

282 1942 461 2004 quamquam
489 1927 518 1985 in
547 1924 604 1984 hoc
631 1923 707 1984 libro
730 1931 809 1984 tecte
833 1922 937 1984 saltem
962 1923 1096 1985 versibus
1119 1923 1148 1982 Θ
1174 1920 1236 1984 108
1260 1929 1290 1982 et
1316 1921 1376 1984 177
1402 1943 1452 1984 res

279 2030 347 2084 ante
371 2033 506 2084 narratae
531 2019 743 2100 respiciuntur.
789 2021 922 2100 Denique
946 2023 1109 2081 carminum
1134 2019 1163 2082 3.
1191 2018 1238 2080 17.
1262 2017 1313 2082 31.
1337 2019 1389 2082 39.
1407 2021 1453 2082 40

282 2128 454 2199 argumenta
482 2122 522 2180 ita
547 2123 578 2181 in
602 2138 634 2180 se
658 2119 796 2180 conclusa
820 2128 903 2200 sunt,
927 2128 960 2181 ut
984 2119 1053 2180 licet
1075 2117 1323 2197 praecedentibus
1346 2123 1452 2180 carmi·

281 2217 368 2278 nibus
400 2217 579 2279 adhaereant
611 2226 640 2278 et
671 2235 781 2276 conexa
814 2218 888 2298 sint,
920 2226 1019 2278 tamen
1052 2217 1176 2278 seorsim
1211 2217 1331 2276 recitata
1365 2217 1452 2295 plane

279 2316 394 2394 percipi
421 2316 537 2394 possint
559 2332 655 2393 neque
680 2315 777 2374 minus
801 2312 943 2392 placeant.
990 2315 1098 2376 Contra
1121 2312 1171 2374 alii
1194 2312 1277 2394 libri,
1305 2323 1339 2375 ut
1361 2313 1451 2374 libro-

281 2431 348 2473 rum
362 2420 471 2492 partes,
486 2411 595 2490 quibus
610 2412 668 2473 duo
683 2413 813 2472 carmina
829 2415 907 2474 inter
922 2432 953 2472 se
968 2419 1175 2492 conectuntur,
1195 2410 1275 2472 velut
1290 2411 1317 2472 Β
1334 2410 1453 2490 1-87,

281 2513 313 2572 Δ
335 2505 525 2588 eae—544,
551 2510 576 2570 Z
600 2505 719 2591 5-72,
747 2511 776 2569 Y
799 2508 907 2572 1-74
930 2511 1015 2589 plane
1039 2511 1162 2588 mittam,
1186 2510 1211 2569 si
1235 2528 1250 2569 a
1274 2508 1359 2570 libris
1382 2529 1453 2570 con·

281 2609 370 2688 tignis
394 2607 583 2688 divelluntur,
607 2626 695 2687 aegre
719 2607 938 2688 intellegentur,
962 2608 1039 2668 unde
1064 2610 1096 2668 A
1120 2609 1184 2668 sine
1207 2606 1251 2684 Γ,
1277 2607 1305 2666 0
1328 2609 1392 2667 sine
1415 2603 1453 2688 Ξ,

281 2705 310 2764 Ρ
324 2711 354 2763 et
373 2705 407 2764 Σ
423 2707 487 2764 sine
506 2705 543 2764 Π
559 2706 606 2764 vix
625 2723 764 2784 umquam
783 2707 899 2766 recitati
917 2724 983 2766 esse
1003 2705 1148 2766 videntur.
1185 2703 1334 2783 lmprimis
1353 2712 1452 2766 autem

280 2804 411 2862 carmina
435 2799 464 2861 3.
489 2796 517 2860 ἴ).
542 2798 571 2862 6.
597 2799 624 2862 7.
653 2799 682 2864 8.
711 2799 740 2863 9.
767 2799 808 2862 10
835 2812 865 2864 et
893 2801 943 2864 20.
968 2800 1020 2863 21.
1043 2800 1095 2864 22.
1119 2798 1162 2862 23
1189 2808 1219 2861 et
1247 2797 1298 2862 25.
1323 2798 1375 2862 26.
1399 2799 1452 2862 27.

280 2896 331 2961 28.
355 2895 397 2960 29
426 2899 467 2958 ita
495 2900 574 2958 inter
601 2916 634 2959 se
662 2899 823 2960 cohaerent
851 2909 881 2962 et
909 2908 988 2961 tanta
1017 2899 1224 2978 aequabilitate
1252 2900 1395 2959 orationis
1422 2909 1453 2959 et

281 3015 382 3057 rerum
408 2994 570 3077 excellunt,
598 3004 632 3056 ut
654 2997 731 3056 intra
755 2997 829 3058 flues
851 2996 950 3059 iliadis
974 3000 1059 3077 quasi
1083 2999 1139 3057 tria
1163 2996 1267 3076 epyllia
1291 2997 1452 3076 peculiaria

280 3095 410 3154 elllcient
437 3093 524 3172 paulo
553 3094 676 3154 minoris
703 3091 752 3154 illa
782 3094 910 3156 ambitus
938 3113 1026 3175 quam
1054 3096 1141 3155 culus
1164 3095 1278 3154 Arctini
1302 3096 1452 3174 Aethiopi·

280 3193 348 3254 dem
373 3200 513 3272 quattuor
536 3190 680 3252 librorum
700 3191 792 3252 luisse
815 3193 974 3252 memoriae
999 3192 1148 3271 proditum
1173 3199 1226 3252 est.

369 3291 443 3368 Apte
468 3291 555 3369 enim,
579 3296 613 3348 ut
636 3307 651 3348 a
675 3291 775 3366 priore
794 3289 900 3370 epyllio
924 3289 1090 3350 disserendi
1110 3291 1228 3350 initium
1247 3289 1361 3371 faciam,
1384 3301 1452 3369 post

280 3391 435 3449 contiones
458 3387 638 3447 Achivorum
667 3394 697 3446 et
719 3385 916 3447 Troianorum
943 3385 1058 3448 habitas
1086 3395 1213 3466 uterque
1242 3390 1392 3448 exercitus
1421 3391 1452 3450 in

280 3488 373 3545 aciem
406 3485 620 3565 proficiscitur,
652 3484 759 3544 deinde
792 3484 943 3562 pugnandi
971 3487 1088 3547 initium
1117 3484 1153 3545 ab
1181 3485 1354 3546 auctoribus
1382 3486 1453 3546 belli

281 3581 412 3642 Menelao
436 3590 466 3641 et
489 3581 594 3642 Paride
620 3583 665 3662 llt,
689 3590 751 3643 tum
776 3590 844 3642 ante
867 3581 1012 3660 proelium
1037 3581 1073 3642 ab
1098 3584 1244 3642 universis
1270 3584 1452 3645 exercitibus

280 3681 472 3741 conimissum
491 3681 593 3758 copiae
613 3679 787 3760 lustrantur,
807 3681 842 3741 ad
861 3688 1045 3759 postremum
1059 3681 1090 3740 in
1105 3697 1202 3758 pugna
1216 3679 1280 3757 ipsa
1295 3679 1452 3742 Diomedes

281 3777 359 3856 quod
386 3779 415 3837 in
440 3795 567 3837 recensu
592 3780 624 3837 A
642 3773 816 3838 411-421
844 3795 932 3838 manu
957 3785 1112 3838 strenuum
1136 3793 1168 3836 se
1193 3785 1311 3854 praeter
1335 3787 1453 3840 eeteros
1518 3821 1526 3832 ·

281 3876 343 3935 lore
362 3877 549 3956 premiserat,
569 3875 686 3934 sortitor
705 3877 879 3954 exsequitur
894 3882 924 3934 et
938 3873 1099 3954 Pandarus,
1118 3873 1242 3934 violator·
1261 3875 1452 3958 indutiarum,

280 3991 332 4034 sua
364 3981 461 4034 morte
493 3990 603 4051 poenas
636 3971 757 4033 sceleris
789 3966 885 4053 luit.¹)
931 3972 1027 4051 Atque
1060 3981 1174 4051 septem
1206 3971 1279 4032 haec
1312 3976 1453 4054 carmina,

372 4157 398 4222 1)
417 4153 497 4207 Hane
521 4151 688 4208 sententiam
712 4152 852 4222 prebebat
875 4151 1044 4207 Dnontaerus
1067 4152 1097 4206 in
1120 4154 1369 4221 commentatione,
1394 4155 1452 4212 Das

282 4235 367 4289 drille
391 4235 435 4289 bie
459 4233 584 4290 siebente
602 4232 679 4288 Bueh
703 4233 753 4288 der
771 4231 837 4286 llios
861 4231 903 4286 als
923 4231 1127 4300 selbsbdndiges
1146 4231 1268 4288 Gedichl
1286 4235 1376 4301 (Hom.
1398 4237 1453 4290 Ab·

281 4313 376 4368 hendl.
396 4317 558 4383 aet-cca),
576 4314 618 4368 ile
635 4316 729 4368 lemen
747 4315 859 4368 uicum
880 4310 958 4366 libris
979 4315 1063 4366 Γ-Ε
1082 4311 1167 4366 libros
1188 4315 1243 4364 ΖΗ
1261 4313 1454 4383 coniungeret,

281 4396 311 4446 el
328 4391 430 4446 librum
452 4397 472 4446 B
491 4393 630 4462 peculiare
650 4410 760 4448 carmen
781 4409 841 4446 exse
856 4390 968 4446 diceret.
998 4392 1055 4446 Nos
1070 4389 1171 4445 librom
1190 4395 1216 4444 ll
1230 4409 1293 4446 cum
1309 4394 1453 4463 plerisque

281 4471 347 4530 viris
371 4471 461 4525 doctis
484 4471 529 4540 (el.
550 4471 707 4540 Benielxen‚
728 4472 778 4526 Die
798 4471 951 4526 niceratus
969 4475 1066 4524 num-ti
1094 4469 1188 4524 Buebe
1207 4487 1270 4526 vom
1291 4472 1379 4527 Zorne
1400 4474 1451 4528 dee
