3280 5104
747 358 1028 450 -rm-'

277 545 440 608 lielrlrerus.
490 549 526 607 At
559 565 627 607 cunr
660 545 847 608 Pisistratum
881 549 1010 608 Atticum
1044 556 1073 606 et
1105 548 1310 609 Aristarchum
1343 550 1449 609 atticae

276 646 400 723 originis
420 644 540 706 Homeri
564 644 710 704 vindicem
734 646 852 705 atticam
876 645 999 706 formam
1023 638 1101 726 μήν,
1122 648 1147 707 si
1166 646 1302 706 codicum
1322 645 1378 707 lide
1398 655 1450 707 aut

277 741 492 820 rhapsodorum
512 763 582 804 voce
601 743 739 805 traditam
759 763 822 805 eam
842 745 1036 824 accepissent,
1055 752 1265 824 aspernaturos
1281 743 1372 805 luisse
1385 746 1449 804 veri

276 839 504 902 dissimillimum
520 844 568 922 sit,
582 843 710 920 priscam
726 843 849 903 formam
864 833 940 922 μάν,
955 859 1013 901 non
1028 841 1160 902 doricam
1175 841 1263 921 illam,
1273 842 1323 901 sod
1339 844 1449 902 veteris

275 939 443 1014 graecitatis
462 955 663 1017 communem,
686 958 721 998 ex
742 940 948 999 remotissimis
967 940 1150 1019 temporibus
1168 947 1358 1019 propagatam
1382 957 1448 999 esse

275 1036 463 1096 crediderim.
509 1035 567 1096 Sed
592 1053 628 1096 ne
652 1037 683 1096 in
708 1037 883 1098 temeritatis
907 1039 1019 1097 crimen
1044 1039 1073 1097 in
1093 1055 1126 1097 re
1146 1035 1234 1097 dubia
1254 1040 1449 1118 incurrerem,

164 1171 169 1180 ·
276 1136 407 1212 quinque
431 1134 503 1196 locis
526 1137 558 1194 A
581 1131 654 1196 302.
679 1135 706 1195 Β
730 1132 804 1196 291.
832 1135 862 1196 Τ
880 1131 932 1196 45.
960 1135 997 1194 Ψ
1017 1132 1091 1195 410.
1114 1135 1148 1196 Ω
1170 1132 1227 1214 52,
1251 1134 1302 1194 ubi
1326 1135 1447 1196 libriin

275 1233 363 1290 attica
392 1231 485 1292 lorma
513 1224 581 1313 μήν
603 1234 807 1312 consentiunt,
836 1231 972 1292 codicum
996 1233 1166 1292 auctoritati
1189 1231 1349 1293 obsecutus
1373 1251 1448 1292 sum.

363 1347 415 1390 cor
431 1355 473 1378 =
489 1341 543 1390 σοι
577 1329 654 1390 baud
688 1347 757 1390 raro
789 1329 926 1391 eodicvrm
956 1329 1012 1389 lide
1042 1328 1182 1389 traditum
1210 1328 1383 1416 Apollonius
1411 1330 1448 1389 de

276 1443 360 1503 pron.
383 1444 411 1504 p.
437 1423 542 1487 1040
566 1445 601 1487 er
625 1427 725 1487 dorica
749 1426 875 1488 dialecto
899 1426 1060 1488 Homerum
1085 1415 1252 1488 mutuatum
1276 1445 1341 1486 esse
1365 1435 1449 1506 puta-

276 1525 326 1583 vit.
372 1521 517 1602 Equidem
546 1526 645 1602 potius
673 1523 842 1584 Herodiano
869 1521 909 1606 (v.
938 1524 1029 1585 schol.
1053 1526 1086 1585 A
1108 1521 1186 1604 294,
1215 1523 1309 1584 Lebrs
1333 1533 1447 1603 quaest.

275 1639 321 1700 ep.
347 1617 419 1700 122,
443 1619 597 1680 Lalioobe
612 1620 696 1682 liom.
716 1619 835 1682 Textlrr.
855 1617 934 1704 349)
958 1621 1133 1702 adstipulnr,
1156 1623 1208 1700 qui
1231 1630 1358 1702 poetam,
1377 1641 1446 1684 cum

275 1737 309 1780 ex
335 1727 435 1778 vetere
458 1720 619 1796 graecitate
644 1720 767 1780 iormam
789 1739 842 1782 τοι
865 1722 946 1781 iuxta
968 1721 1112 1780 noviciam
1132 1721 1254 1798 suisque
1274 1719 1448 1798 aequalibus

275 1816 491 1894 frequentatam
514 1829 567 1878 σοι
587 1820 758 1898 recepisset,
782 1816 826 1878 illi
844 1819 1039 1898 imminutam,
1063 1816 1132 1877 buic
1152 1816 1267 1895 plenam
1287 1819 1344 1877 vim
1365 1820 1447 1878 attri-

276 1912 376 1973 buis'se
401 1915 517 1996 statuit3
545 1934 723 1994 quamquam
747 1923 864 1976 exstant
887 1914 952 1993 loci,
977 1923 1010 1975 ut
1033 1915 1064 1974 Β
1085 1911 1150 1976 428
1175 1905 1215 1975 ού
1244 1933 1305 1994 τοι,
1326 1909 1447 1975 τέκνον

275 2004 370 2091 ἐμόν,
398 2006 533 2072 δέδοται
556 2006 719 2094 πολεμήια
741 2007 860 2093 λέργα,
890 2010 942 2072 ubi
965 2029 1016 2072 τοι
1039 2030 1056 2072 a
1079 2011 1164 2092 plena
1188 2013 1217 2070 vi
1241 2001 1448 2092 ὀρθοτονου-

274 2103 375 2188 μένης
397 2098 609 2190 ύντωννμίας
632 2113 682 2171 uix
706 2111 827 2172 recedit.

365 2205 385 2282 ᾗ
410 2205 460 2266 74.
507 2207 598 2268 Multo
627 2209 742 2270 facilior
770 2209 813 2269 lui
838 2209 868 2268 in
892 2207 1013 2268 aeolicis
1037 2208 1140 2268 formis
1163 2207 1361 2268 admittendis.
1399 2208 1449 2268 λι-

275 2321 332 2382 que
356 2305 580 2382 omniquidem
604 2304 789 2368 dubitatione
812 2303 878 2366 illae
902 2313 1018 2384 carent,
1042 2306 1067 2364 si
1091 2307 1267 2366 coniunctae
1290 2323 1358 2366 cum
1382 2305 1449 2365 aliis

276 2400 425 2461 vocabulis
449 2403 479 2460 in
503 2401 695 2464 sollemnibus
720 2401 854 2463 lormulis
873 2411 924 2462 aut
940 2404 1031 2462 certis
1050 2402 1226 2482 quibusdam
1247 2387 1351 2464 versus
1370 2403 1447 2463 sedi-

276 2497 342 2579 bus,
365 2499 502 2577 inprimis
526 2499 684 2580 clausulae,
709 2501 869 2560 adstrictae
892 2500 1095 2580 inveniuntur,
1118 2518 1205 2579 quam
1230 2519 1292 2561 rem
1317 2499 1394 2560 clara
1410 2502 1450 2589 ,in

275 2596 340 2656 luce
369 2599 469 2675 posuit
497 2598 613 2676 egregia
638 2596 800 2659 Hinricbsii
828 2615 909 2658 eura.
955 2595 993 2656 Ut
1016 2598 1108 2675 igitur
1131 2599 1301 2658 vedicorum
1324 2598 1447 2677 hymno-

274 2713 341 2754 rum
361 2693 486 2755 lormula
506 2690 594 2773 ‘dvau
613 2691 703 2774 pitar'
721 2698 753 2756 in
772 2694 921 2775 Europam
944 2693 1086 2755 translata
1105 2713 1244 2774 graecum
1260 2692 1327 2755 Ζεύ
1345 2687 1447 2778 πάτερ

276 2800 306 2851 ot
329 2791 451 2852 latinum
477 2791 608 2870 luppiter
632 2795 806 2872 procreavit,
830 2795 873 2854 sic
897 2811 913 2852 a
938 2792 1089 2853 veteribus
1113 2789 1391 2853 varuus'teotibus
1410 2793 1447 2852 ad

275 2888 361 2949 lones
389 2897 566 2967 propagatae
595 2896 665 2949 sunt
693 2889 836 2950 formulae
865 2881 1003 2962 ἄλλυδις
1030 2881 1132 2962 ἄλλος
1162 2889 1192 2949 Λ
1214 2885 1288 2950 486.
1314 2887 1386 2951 745.
1409 2890 1451 2950 Μ

275 2984 349 3048 461.
379 2987 415 3046 Ν
440 2983 505 3046 279
522 3025 550 3046 a.
566 3035 572 3046 .
588 3034 608 3066 .,
636 2979 753 3068 νύμφα
782 2987 864 3068 φίλη
893 2985 925 3047 Γ
950 2983 1022 3048 130.
1051 2984 1072 3047 d
1102 2983 1179 3068 743,
1208 2982 1448 3068 νεφεληγερέτα

276 3077 372 3162 Ζεύς,
385 3080 520 3164 μητίετα
536 3076 632 3163 Ζεύς,
647 3075 795 3165 εὐρύοπα
811 3078 897 3157 Ζεύς
908 3087 941 3145 A
957 3081 1027 3145 175.
1044 3081 1117 3146 511.
1128 3079 1288 3146 alamon.
1300 3086 1334 3145 A
1343 3081 1386 3145 30
1397 3133 1419 3146 ..
1431 3133 1447 3164 .,

276 3172 398 3242 ἱππότα
427 3175 579 3261 Νέστωρ,
612 3171 720 3262 ἠπύτα
752 3177 871 3264 κῆρυξ,
906 3174 1073 3262 ἱππηλάτα
1102 3173 1236 3261 Πηλεύς
1263 3181 1290 3241 Β
1315 3177 1388 3243 336.
1414 3183 1450 3242 H

279 3275 349 3339 125.
374 3271 485 3358 384¹),
508 3271 625 3357 μάντις
644 3270 797 3360 ἀμύμων,
820 3270 894 3352 υίὸς
912 3270 1067 3359 ἀμύμων,
1085 3270 1260 3359 ἀμύμονος
1281 3275 1447 3340 Αἰακίδαο

276 3362 1447 3458 Amnmmmmwmmrmamunmm

276 3471 349 3552 835,
375 3471 504 3534 Κίλλαν
527 3467 667 3556 (Νῐσαν,
687 3475 830 3556 Κρῖσαν,
852 3467 982 3556 Φηράς)
1004 3493 1039 3536 τε
1059 3466 1183 3552 ζαθέην
1203 3476 1235 3534 Α
1253 3471 1305 3534 38.
1324 3473 1353 3534 Β
1372 3471 1447 3534 508.

275 3569 394 3632 5201
416 3567 487 3632 151.

364 3667 443 3728 Aliae
471 3666 582 3726 formae
609 3667 737 3728 aeolicae
766 3677 799 3729 ut
827 3687 842 3728 a
871 3670 968 3746 poetis
993 3667 1205 3729 vetustioribus
1229 3667 1369 3729 Aeolibus
1392 3679 1445 3730 aut

275 3785 290 3826 a
321 3767 425 3826 vicinis
453 3763 592 3824 lanumve
621 3783 707 3841 agros
735 3766 933 3827 insidentibus
961 3766 1101 3827 Aeolibus
1129 3765 1330 3845 adscirentur,
1357 3769 1447 3827 metri

275 3865 438 3925 necessitas
460 3864 491 3922 in
515 3879 602 3923 causa
627 3862 691 3942 luit,
715 3862 794 3922 velut
817 3854 986 3943 αὐέρυσαν
1005 3866 1037 3924 A
1055 3859 1128 3924 459.
1152 3862 1182 3922 Β
1200 3860 1275 3944 422,
1298 3854 1446 3942 αὐέρυον

275 3962 319 4024 Μ
346 3959 424 4043 261,
456 3949 644 4040 αὐερύοντα
675 3960 704 4020 Θ
736 3956 815 4040 325,
847 3952 980 4042 αύίαχοι
1013 3961 1049 4022 Ν
1073 3959 1133 4039 41,
1166 3952 1298 4022 ἐδεύετο
1331 3953 1446 4034 δαιτὸς

366 4145 392 4211 1)
410 4109 527 4196 Aeolica
545 4139 624 4209 origo
643 4139 743 4194 horum
762 4139 997 4196 nominativorum
1016 4155 1194 4209 quamquam,
1213 4157 1304 4209 nequo
1323 4140 1347 4195 ai
1365 4142 1445 4196 testi-

141 4261 149 4276 .
276 4223 372 4278 monia
395 4222 642 4292 grammaticorum
670 4235 760 4290 neqae
783 4219 806 4274 si
829 4219 977 4276 titulorum
996 4220 1079 4274 fidem
1098 4219 1222 4289 quaeris,
1246 4220 1315 4274 satis
1334 4223 1447 4275 constat

276 4303 320 4372 (ci.
336 4302 459 4369 Meister,
479 4299 524 4356 die
543 4301 647 4372 grieeb.
663 4301 735 4355 Dial.
751 4299 763 4353 1
779 4306 830 4354 160
840 4302 951 4369 staro),
969 4299 1129 4355 verisimilis
1144 4301 1240 4354 tamen
1255 4316 1314 4354 esse
1334 4299 1446 4356 videtur

276 4383 312 4436 ob
334 4383 461 4438 vocalem
484 4401 503 4434 α
525 4381 634 4450 primae
657 4378 854 4436 declinationis
878 4381 914 4435 ab
938 4379 1070 4435 Aeolibas
1095 4380 1251 4448 correptam
1270 4381 1300 4434 et
1317 4379 1445 4433 litteram

277 4460 437 4516 sibilantem
455 4461 567 4514 finalem
586 4478 604 4515 a
622 4461 735 4516 Boeotia
755 4459 888 4514 Aeolibus
907 4477 962 4515 aon
982 4475 1133 4528 numquam
1153 4456 1301 4514 abiectam.
