3280 5104
757 399 996 462 -tus-

292 562 371 641 quod
400 562 485 622 nobis
509 580 626 640 quoquc
651 563 680 620 in
705 560 759 621 bac
782 561 925 641 editione,
950 571 983 622 ιιι
1006 563 1132 623 solidum
1157 559 1380 624 tundamentum
1404 565 1461 624 arti

291 662 412 721 criticae
436 659 689 739 substrueremus,
712 658 788 720 hanc
811 678 875 720 rem
898 662 1043 739 attingere
1068 663 1163 721 visum
1188 673 1242 726 est.

321 839 324 846 Ι
380 758 400 834 ἕ
423 755 476 820 56.
513 756 546 816 ln
565 755 737 817 Pisistratou
756 757 926 840 exemplari,
946 760 1034 839 quod,
1053 762 1168 821 etiamsi
1187 770 1255 823 ante
1274 761 1461 822 Pisistratum

291 860 347 918 lam
372 857 421 918 alii
444 855 559 935 singula
582 854 703 916 Homeri
726 857 855 916 carmina
880 857 1003 916 seorsim
1028 857 1136 920 littoris
1160 860 1339 940 mandarint,
1363 868 1460 920 tanrmr

266 1015 271 1026 ,
291 959 422 1017 omnium
447 956 499 1034 qui
521 956 717 1016 innotuerunt
740 954 884 1016 librorum
909 954 1018 1015 lentem
1040 957 1131 1016 luisse
1149 957 1281 1038 probavi,
1308 957 1422 1018 vocales
1445 977 1461 1020 ε

291 1063 321 1114 et
345 1075 362 1114 o
387 1063 446 1115 ῑειιι
471 1053 575 1113 breves
598 1045 630 1134 (ε
640 1045 673 1134 ο)
698 1071 786 1133 ιμιειιι
809 1051 912 1131 longae
936 1048 1022 1135 (ῃω)
1046 1054 1171 1132 singulis
1194 1055 1302 1116 litteris
1326 1057 1357 1116 Ε
1378 1063 1407 1116 et
1432 1057 1461 1118 0

291 1171 447 1232 expressae
471 1160 564 1230 eraut,
588 1169 663 1230 quac
687 1150 808 1210 eaedem
831 1158 917 1211 notae
937 1160 1093 1229 praetcrea
1111 1152 1303 1233 diphthongis
1322 1174 1351 1216 ει
1370 1163 1400 1215 et
1419 1173 1461 1215 oo

291 1253 317 1312 si
348 1253 448 1310 minus
480 1247 631 1329 omnibus,
663 1256 692 1308 at
724 1246 826 1308 saltem
855 1250 905 1328 iis,
938 1267 1013 1328 quae
1042 1268 1138 1330 neque
1166 1271 1202 1312 ex
1231 1259 1329 1313 vetere
1360 1251 1460 1332 lingua

291 1355 427 1427 receptae
448 1365 544 1428 neque
563 1366 598 1407 ex
611 1347 819 1412 ‚contractione
839 1355 1028 1428 ortaeerant,
1048 1348 1237 1428 designandis
1252 1351 1459 1412 inserviebant.

291 1446 393 1526 Neque
417 1453 613 1506 consonantes
638 1444 750 1504 litteras
774 1442 945 1521 duplicandi
967 1463 1054 1506 usum
1079 1455 1141 1507 tum
1166 1451 1308 1526 temporis
1332 1451 1459 1528 viguisse

291 1563 325 1604 ex
355 1545 479 1605 vetustis
508 1542 602 1604 titulis
625 1543 697 1602 satis
720 1550 905 1619 compertum
930 1545 1087 1624 est,unde
1110 1547 1144 1606 Σ
1152 1545 1189 1606 Ν
1195 1546 1239 1607 Μ
1257 1555 1287 1607 et
1310 1547 1460 1627 simplices

290 1651 322 1701 et
353 1640 486 1720 duplices
515 1658 604 1702 sonos
632 1639 784 1700 sibilantes
813 1657 865 1701 seu
895 1641 1009 1702 nasales
1039 1645 1069 1702 in
1099 1643 1260 1723 exemplari
1288 1645 1461 1706 Pisistrateo

291 1741 473 1818 significasse
511 1737 596 1798 nobis
632 1738 822 1800 statuendum
860 1746 914 1799 est.
959 1738 1019 1799 lam
1057 1742 1108 1820 qui
1145 1750 1245 1802 vetera
1282 1741 1460 1821 exemplaria

291 1837 542 1918 transcribebant,
570 1855 639 1898 curn
662 1844 713 1898 aut
741 1855 799 1896 non
828 1839 899 1897 satis
928 1839 972 1896 rei
994 1838 1182 1900 attenderent
1205 1850 1256 1901 aut
1286 1841 1460 1921 quotidiani,

291 1955 349 2016 quo
387 1943 450 1996 turn
482 1934 655 2014 utebantur,
693 1937 839 1995 sermonis
871 1937 1052 2015 proprietate
1085 1935 1308 2018 deciperentur,
1347 1936 1462 1998 vocales

291 2033 355 2094 illas
387 2034 488 2112 longas
521 2032 627 2093 breves
659 2035 837 2112 compositas
870 2032 947 2093 haud
979 2050 1046 2092 raro
1074 2035 1153 2094 inter
1180 2053 1212 2095 se
1241 2029 1462 2096 commutabant

290 2141 341 2193 aut
364 2131 495 2211 singulas
514 2130 667 2190 sibilantes
686 2129 738 2192 ubi
758 2129 843 2190 binae
862 2130 1036 2191 scribendae
1056 2140 1141 2192 erant
1160 2132 1327 2193 exarabant.
1364 2133 1461 2212 Atque

290 2229 375 2290 multi
399 2247 517 2290 errores
541 2247 643 2289 omnes
666 2227 785 2290 codices
808 2236 1029 2307 occupaverunt
1052 2240 1081 2290 et
1104 2229 1319 2291 Alexandrinos
1342 2249 1461 2310 quoque

290 2329 496 2408 grammaticos
520 2327 669 2407 fugerunt,
693 2326 742 2388 alii
766 2329 805 2387 ita
826 2325 1074 2408 propagabantur,
1097 2336 1131 2389 ut
1150 2331 1315 2389 contrariae
1336 2331 1462 2408 scripto·

291 2445 340 2488 rae
369 2445 428 2487 non
456 2426 552 2485 omnis
580 2424 803 2486 oblitteraretur
832 2425 981 2484 memoria.
1028 2424 1066 2486 Ut
1093 2425 1130 2485 ab
1157 2425 1214 2487 hoe
1238 2426 1330 2487 altero
1353 2443 1463 2504 genere

291 2543 426 2586 erronun
455 2523 604 2604 exordiar,
632 2522 766 2602 duplices
797 2523 963 2601 scripturae
991 2525 1220 2603 transcriptione
1249 2526 1358 2585 veteris
1385 2523 1463 2584 litte·

291 2633 409 2686 raturae
433 2631 517 2684 natae
542 2624 572 2682 in
595 2621 750 2682 codicibus
774 2622 911 2682 teruntur
934 2619 1003 2680 hae:

378 2718 474 2798 557.
519 2712 679 2792 cadvernis
716 2726 746 2778 et
778 2709 929 2798 τεθνῃώς
960 2719 1126 2778 innumeris
1159 2717 1247 2799 lucis,
1284 2720 1320 2780 de
1353 2720 1462 2798 quibus

290 2821 393 2881 conler
414 2818 598 2898 barochium,
622 2816 674 2876 Die
694 2814 886 2876 llomerische
905 2813 1105 2876 Teateshritilr
1128 2835 1156 2896 p.
1176 2813 1253 2898 2825
1279 2835 1376 2877 veram
1396 2837 1463 2879 esse

290 2916 508 2979 Aristarchearn
535 2915 693 2975 lectionem
722 2908 802 2996 (ride
827 2912 1034 2973 llollmannnm
1057 2912 1092 2972 ad
1119 2914 1150 2974 X
1174 2911 1462 2977 assuescentes

292 3017 318 3076 Z
343 3013 394 3076 71.
417 3015 456 3075 Η
474 3011 549 3075 409.
573 3013 607 3072 Π
631 3007 687 3092 16)
714 3003 880 3091 τεθνῃώς,
908 3029 944 3071 ex
968 3004 1140 3091 τεθνῃίοίς
1163 3012 1241 3073 illam
1267 3021 1375 3093 ortam,
1401 3021 1463 3095 ety-

290 3113 414 3192 mologia
437 3113 532 3172 docet.
966 3116 971 3126 ’
1241 3190 1243 3194 ¹

378 3211 474 3294 θείῃς
501 3209 578 3294 θείῃ
607 3208 731 3291 φανείῃ
760 3205 888 3290 μιγείῃς
914 3205 1123 3287 repressimus
1155 3217 1186 3269 et
1213 3201 1302 3290 θήῃς
1330 3202 1463 3291 φανήῃς

289 3303 409 3392 μιγήῃς
431 3301 644 3389 aspicedum,
667 3325 794 3386 quornm
819 3307 986 3366 testimonia
1012 3307 1163 3384 congessit
1185 3305 1358 3388 Larochius,
1377 3306 1460 3367 Hom.

290 3409 411 3471 Textkr.
443 3404 509 3468 405
529 3425 593 3487 sqq.
626 3403 831 3465 Aristarchum
863 3396 952 3485 θήῃς
986 3396 1114 3484 δαμήῃς
1145 3396 1347 3484 περιστήωαι
1379 3423 1464 3484 prae-

290 3510 434 3570 ferentem
463 3504 512 3563 hic
541 3521 599 3564 non
624 3504 720 3563 secuti
744 3519 859 3584 sumus,
888 3503 1026 3580 quoniam
1051 3509 1081 3561 et
1103 3501 1233 3581 analogia
1258 3521 1325 3562 cum
1350 3503 1463 3581 primae

289 3623 433 3686 personae
457 3600 540 3664 θείω
563 3600 702 3682 θείομεν
725 3601 877 3681 στείομεν
901 3609 964 3660 tum
992 3599 1152 3660 formarum
1178 3593 1315 3678 μινίιοσι
1340 3600 1367 3660 Β
1387 3597 1461 3682 475,

290 3696 376 3786 ἀφίῃ
402 3703 437 3764 Π
458 3697 539 3780 590,
567 3694 626 3782 βέῃ
651 3701 687 3760 Π
708 3696 781 3762 852.
806 3700 838 3760 ld
868 3697 945 3778 131,
972 3693 1106 3778 θέωμεν
1135 3718 1161 3759 οι
1184 3695 1251 3760 485
1278 3695 1462 3777 diphthongo

290 3824 318 3864 ει
348 3803 444 3863 lavere
473 3798 589 3859 ridetur
617 3806 647 3858 et
675 3797 782 3858 vocalis
810 3818 823 3858 ι
845 3796 953 3858 horum
978 3796 1135 3858 verborum
1159 3797 1222 3875 ipsa
1245 3798 1359 3874 origine
1382 3795 1464 3857 modi

246 3923 249 3930 ’
279 3881 484 3977 coniunctim,
503 3904 536 3957 ut
558 3895 634 3956 inira
659 3894 838 3976 videbimus,
862 3895 1062 3955 confirmatur.
1109 3894 1167 3956 Sed
1192 3897 1314 3956 nonita
1339 3896 1464 3972 vestigia

289 3997 425 4059 codicum
449 3993 657 4072 derelinquere
680 3995 746 4054 ausi
770 4010 882 4074 sumus,
904 4000 939 4052 ut
962 3993 1049 4052 etiam
1073 3989 1152 4074 βαίῃ
1177 3992 1221 4052 rel
1245 3991 1334 4074 βείῃ,
1364 3992 1462 4074 σταίῃ

290 4095 335 4156 vel
375 4092 465 4175 στείῃ
508 4089 738 4172 scriberemus,
765 4091 941 4169 praesertim
978 4108 1046 4150 cum
1083 4088 1171 4150 lectio
1208 4089 1320 4151 codicis
1357 4088 1463 4151 Veneti

291 4197 320 4254 A
339 4185 480 4274 φανήιηι
502 4189 532 4250 Τ
553 4185 626 4252 375.
653 4189 682 4248 T
702 4187 744 4250 64
769 4188 887 4267 dignior
910 4207 985 4268 quae
1009 4185 1187 4266 probaretur
1211 4207 1276 4248 esse
1302 4188 1462 4248 videretur.

377 4281 509 4367 ἄκίῃεῖς
542 4287 586 4349 Μ
609 4285 672 4350 318
706 4297 736 4348 οι
768 4278 901 4358 dalaias
927 4283 961 4344 Κ
987 4283 1067 4364 281,
1100 4273 1249 4365 εὐορείος
1278 4285 1310 4346 Ω
1334 4283 1398 4346 692
1432 4292 1464 4346 et

290 4381 431 4469 εὐρῃήος
460 4385 489 4444 0
512 4382 585 4448 265.
613 4385 644 4444 Φ
669 4383 703 4462 1,
738 4379 888 4464 ζαῃρῃῶν
920 4391 950 4444 et
983 4380 1142 4463 ζαχρειῶν
1169 4384 1199 4443 Ε
1219 4379 1299 4457 525,
1327 4381 1464 4454 σπείους

192 4553 194 4558 ,
290 4511 304 4552 ε
334 4485 384 4548 68.
419 4481 498 4544 226.
528 4481 630 4544 titt
660 4489 690 4543 et
717 4480 798 4564 σπῆι
822 4481 855 4541 Σ
879 4478 955 4542 402.
983 4481 1016 4541 st
1044 4477 1094 4542 83.
1124 4479 1145 4558 β
1173 4477 1229 4560 20,
1261 4471 1464 4557 πολύκλητοι
