3276 5090
651 387 871 451 „.31„.

264 547 284 624 ξ
304 547 355 610 21.
380 547 488 608 Verum
513 567 572 608 non
597 548 691 609 solum
716 550 923 612 additamentis
943 559 1040 610 vetera
1066 555 1194 613 earmina
1214 551 1347 613 Homeri-

173 646 228 706 dae
261 648 393 726 auxisse,
427 646 478 706 sed
512 649 600 707 etiam
633 655 692 706 tota
721 651 850 708 carmina
881 648 1028 709 addidisse
1059 650 1204 710 ridentur.
1252 651 1346 728 Atque

172 747 304 823 primum
338 746 456 806 navium
490 743 655 823 catalogum
688 762 746 805 non
779 745 816 806 ab
849 746 952 806 eodem
990 765 1048 825 quo
1082 746 1210 825 reliquas
1247 756 1346 824 partes

173 841 272 902 iliadis
306 845 503 920 compositum
536 851 686 903 casatam
718 845 883 903 manifestis
912 847 1095 921 argumentis
1125 853 1160 905 et.
1184 861 1285 906 rerum
1316 854 1346 905 et

173 938 351 1000 elocutionis
381 957 448 1000 etam
477 939 512 1000 ab
542 939 607 999 aliis
638 949 700 1000 tum
729 941 765 1001 ab
794 940 943 1002 Odoiredo
972 940 1127 1021 Muellero,
1159 935 1346 1003 Gesander

174 1037 292 1098 Griech.
315 1037 370 1097 hit.
390 1037 402 1095 l
422 1055 449 1114 p.
468 1034 511 1098 93
526 1055 603 1117 sqq,
627 1036 776 1116 lioecblio,
800 1037 917 1098 dissert..
939 1037 962 1096 ll
983 1038 1019 1097 de
1038 1037 1136 1098 iliadis
1155 1039 1345 1115 carminibus,

175 1135 247 1194 lien.
270 1134 384 1211 Niesio,
413 1134 471 1193 Der
495 1133 688 1194 Homerische
713 1133 950 1214 Schitisltatalog,
978 1136 1202 1214 comprobatum
1227 1145 1285 1214 cst,
1314 1144 1346 1196 ut

174 1231 265 1292 multa
290 1231 378 1292 rerba
402 1231 439 1291 de
463 1250 498 1291 co
523 1232 619 1292 iacere
644 1248 894 1309 supervacaneum
920 1234 966 1291 sit.
976 1225 1001 1314 ¹)
1047 1234 1172 1293 Gravius
1195 1232 1265 1293 illud
1291 1243 1345 1311 est,

175 1328 254 1407 quod
285 1329 322 1390 ab
351 1338 471 1389 auctore
499 1332 625 1389 eiusne
654 1328 820 1388 destinatus
844 1329 963 1407 quidem
988 1333 1114 1408 primum
1140 1347 1205 1389 esse
1229 1331 1346 1390 ridetur

173 1429 226 1505 qui
245 1425 344 1486 iliadis
363 1426 545 1487 carminibus
564 1429 762 1504 insereretur,
782 1434 815 1484 ut
834 1429 908 1486 scite
927 1429 1042 1486 monuit
1056 1424 1208 1504 Rergltius,
1228 1427 1344 1487 Griech.

173 1524 230 1584 hit.
254 1542 281 1601 p.
306 1521 380 1584 557.
422 1523 567 1584 Nimirum
597 1526 628 1583 in
658 1532 791 1601 poemate
820 1525 856 1584 de
880 1526 987 1603 pugnis
1011 1532 1077 1584 ante
1102 1526 1216 1584 moenia
1240 1523 1345 1583 Troiae

173 1624 341 1682 commissis
371 1623 537 1700 copiarum,
568 1639 627 1682 nou
658 1621 775 1681 navium
806 1632 1012 1698 exspectamus
1044 1637 1213 1696 recensum,
1248 1638 1343 1698 neque

173 1719 335 1797 probabilis
362 1737 464 1798 causa,
492 1737 547 1779 cur
570 1738 586 1778 a
610 1719 729 1779 Boeotis
757 1719 874 1778 initium
898 1720 1080 1778 recensionis
1109 1721 1171 1796 liat,
1196 1735 1231 1776 ex
1256 1716 1344 1776 iliade

171 1819 268 1895 repeti
293 1825 398 1894 potest.
444 1815 502 1887 Qui
530 1826 627 1877 autem
658 1827 787 1876 veterem
815 1815 979 1894 catalogum
1008 1814 1090 1876 lliadi
1113 1817 1255 1893 iniunxit,
1283 1817 1344 1874 sive

170 1913 347 1974 Pisistratus
371 1913 419 1973 ille
444 1915 500 1973 tuit
524 1916 598 1990 sive,
622 1913 700 1993 quod
721 1915 813 1990 magis
833 1912 1025 1991 crediderim,
1048 1911 1215 1990 Cynaetbus
1234 1911 1343 1972 aliusve

173 2009 344 2090 Homerida,
368 2010 469 2071 multis
489 2029 556 2071 eum
576 2009 682 2070 tabulis
702 2028 737 2069 ex
758 2009 885 2070 Homero
905 2009 1083 2088 cyclicisque
1102 2010 1198 2088 poetis
1217 2011 1344 2086 sumptis

171 2108 372 2188 interpolavit,
391 2127 465 2186 quas
484 2111 514 2168 in
535 2110 587 2168 hac
602 2108 731 2168 editione
751 2126 766 2166 a
786 2109 915 2186 genuino
931 2109 1061 2167 carmine
1081 2105 1225 2172 discretas
1244 2105 1343 2166 habes.

171 2206 290 2266 inserto
319 2224 388 2266 vero
421 2206 552 2284 catalogo
586 2207 704 2265 navium
736 2204 826 2265 additi
858 2215 1010 2284 praeterea
1042 2207 1134 2263 reteri
1162 2203 1244 2264 iliadi
1274 2215 1343 2265 sunt

169 2303 324 2382 catalogus
351 2302 546 2364 Troianorum
572 2303 598 2362 B
623 2299 820 2382 staff-stt,
849 2320 937 2381 quem
966 2321 1001 2361 cx
1031 2301 1140 2362 Stasini
1168 2301 1342 2380 Cypriorum

170 2410 277 2480 poetae
291 2394 479 2479 καταλόγου
493 2398 561 2462 τῶν
575 2407 645 2472 τοῖς
663 2393 773 2479 Τρωσὶ
788 2393 1077 2479 συμμαχησάντων
1090 2408 1262 2477 excerptum
1278 2417 1343 2459 esse

169 2497 344 2577 Muellerus,
362 2497 479 2559 Griech.
494 2498 550 2559 tit.
568 2497 579 2556 l
599 2517 626 2576 p.
641 2495 692 2578 96,
712 2501 863 2576 ingeniose
883 2506 912 2556 et
932 2515 1013 2576 vere,
1037 2498 1151 2576 opinor,
1174 2499 1343 2572 suspicatus

170 2591 261 2675 esd),
276 2607 306 2658 et
319 2613 462 2658 recensus
477 2597 629 2673 copiarum
639 2595 856 2675 Myrmidonum
871 2595 904 2654 H
917 2591 1090 2655 168-199
1104 2592 1146 2652 rel
1159 2589 1342 2670 tus-att,

170 2695 260 2753 cuius
284 2693 439 2754 exordium
1276 2769 1279 2774 Ι

355 2779 549 2870 πεντήκοντ’
575 2774 662 2868 ἦσαν
685 2787 763 2870 νῆες
784 2791 881 2867 θοαί,
904 2774 983 2872 ᾗσιν
1004 2781 1169 2869 Ἀχιλλεύς

355 2886 388 2960 ἐς
416 2887 539 2966 Τροίην
563 2877 674 2966 ἡγεῖτο
700 2884 857 2965 detractos·
882 2883 919 2948 ἐν
944 2880 981 2948 dl
1003 2879 1145 2968 fendoay

354 2975 550 3065 πεντήκοντ’
577 2984 658 3045 ἕσαν
679 2976 802 3064 ἄνδρες

266 3123 291 3189 t)
306 3120 425 3186 Quinam
440 3126 537 3174 auctor
555 3119 604 3173 ille
620 3119 742 3188 catalogi
757 3119 849 3188 inerit,
865 3121 1001 3189 explorari
1017 3120 1063 3173 vix
1077 3135 1209 3187 umquam
1224 3120 1341 3189 poterit;

170 3199 363 3254 hallucinatur
385 3204 478 3254 autem
505 3199 652 3269 Bergium,
679 3198 788 3255 Griech.
814 3201 866 3255 hit.
892 3219 917 3269 p.
942 3205 1008 3266 559,
1036 3216 1097 3254 cum
1121 3201 1282 3269 catalogum
1306 3203 1341 3254 ab

169 3279 272 3334 eodem
296 3285 381 3348 poeta
403 3295 458 3348 qno
481 3295 603 3348 pugnam
622 3277 776 3347 Tlepolemi
796 3281 825 3334 et
844 3279 1011 3349 Sarpedonis
1031 3283 1055 3333 E
1074 3285 1214 3334 ott-698
1234 3281 1340 3334 laetum

171 3375 235 3412 esee
259 3358 342 3424 dicit;
364 3360 471 3414 maiore
495 3359 553 3412 iura
573 3358 731 3428 catalogum
757 3367 820 3413 aute
839 3359 1046 3414 Telemachiam
1065 3359 1170 3413 lactum
1191 3359 1280 3425 diaes,
1305 3361 1339 3412 si-

170 3439 287 3508 quidem
306 3442 404 3494 auctor
422 3457 517 3494 versus
537 3439 678 3507 Odysseae
698 3440 743 3492 dl
765 3441 890 3494 imitatus
910 3444 953 3494 est
972 3439 1094 3508 catalogi
1114 3457 1224 3494 versum
1244 3445 1340 3495 aest.

261 3523 289 3581 2)
313 3519 371 3573 Hoc
399 3520 547 3586 quominus
575 3519 658 3586 plane
688 3518 766 3572 nobis
793 3517 1022 3587 persuadeamus,
1049 3518 1169 3587 impedit
1197 3517 1339 3574 silentium

169 3599 341 3654 scholiorum
366 3600 396 3652 et
413 3597 579 3665 Aristarchi,
604 3613 658 3664 quo
682 3597 779 3650 eodem
804 3598 916 3652 silentio
936 3598 1051 3652 dabiram
1076 3598 1120 3665 lit,
1145 3615 1210 3651 num
1234 3601 1340 3667 strages

169 3680 277 3734 Nastae
301 3681 331 3734 st
353 3677 551 3748 Amphimachi
575 3677 688 3744 Carum,
714 3693 783 3745 quos
807 3677 834 3730 in
857 3677 942 3732 fluvio
966 3680 1001 3731 ab
1024 3676 1133 3732 Achille
1160 3679 1341 3746 interemptos
1429 3701 1432 3708 ¹

169 3775 234 3814 ease
257 3761 403 3830 catalogos
423 3764 445 3812 B
463 3765 517 3814 874
535 3755 617 3825 dicit,
641 3757 670 3810 in
693 3757 750 3810 alio
774 3758 896 3811 carmine
920 3759 1038 3827 cyclico,
1063 3759 1141 3813 velut
1165 3757 1341 3825 aethiopide,

168 3856 245 3908 quae
264 3840 404 3894 Weickeri
424 3838 545 3908 suspicio
568 3837 635 3903 urit,
658 3839 771 3890 narrata
793 3835 886 3890 fuerit.
924 3839 994 3891 Nam
1015 3839 1137 3908 catalogi
1157 3840 1263 3892 auctori
1283 3838 1340 3904 ple-

168 3920 278 3974 niorem
302 3937 385 3986 quam
411 3935 482 3988 quae
507 3919 627 3971 aetatem
651 3915 720 3970 tulit
742 3917 930 3970 narrationem
954 3917 1019 3971 libri
1041 3920 1261 3972 &obversatam
1280 3932 1340 3969 esse

170 3996 311 4068 Berghius
330 3997 375 4052 Gr.
391 3995 446 4052 ait
466 4003 518 4051 565
543 4013 641 4065 pamm
665 3993 850 4064 probabiliter
872 3995 978 4052 statuit.
1017 3997 1096 4064 Quod
1118 4001 1211 4051 autem
1231 3994 1341 4048 Niesius

169 4078 197 4132 in
219 4076 329 4146 libello,
353 4079 434 4132 Hom.
455 4076 671 4148 Schiffalratalog
689 4096 715 4146 p.
737 4085 783 4144 55,
802 4075 985 4131 Troianorum
1007 4077 1164 4143 catalogum
1190 4092 1223 4127 ex
1244 4073 1341 4130 sabula

170 4159 362 4228 Argonautica
383 4158 495 4212 fluxisse
524 4159 674 4228 probabat,
701 4157 730 4211 id
754 4157 810 4212 iam
834 4157 894 4224 ipse
917 4155 1081 4209 retractavit
1105 4154 1134 4207 in
1160 4153 1245 4220 libro,
1275 4155 1339 4208 lint

169 4239 330 4310 wiehalung
356 4239 406 4294 der
434 4239 514 4292 Hom.
535 4237 630 4292 Poesie
657 4256 684 4306 p.
704 4243 756 4291 206
776 4236 839 4290 adn.
859 4242 884 4290 t.
923 4234 1047 4300 Denique
1075 4232 1189 4286 alterius
1218 4234 1339 4302 catalogi

170 4321 313 4374 auctorem
333 4320 452 4388 priorem
473 4318 614 4371 imitatum
633 4333 705 4384 essa,
724 4322 805 4371 acute
825 4315 947 4370 versibus
966 4318 1018 4366 856
1038 4318 1068 4366 et
1085 4319 1150 4378 ott,
1170 4317 1221 4368 sot
1241 4317 1269 4366 et
1288 4319 1339 4368 678

171 4401 342 4470 comparatis
368 4399 547 4452 illustrarunt
568 4395 718 4450 Koechlius
742 4399 771 4450 et
793 4392 1037 4460 rnedtaenderua,
1063 4393 1137 4447 Zwei
1160 4393 1340 4450 Homerische

172 4475 487 4534 Wdrterreraeichnisse
506 4477 534 4530 in
553 4475 648 4532 Jahrb.
668 4475 685 4528 i.
705 4475 776 4530 Phil.
797 4473 893 4543 Suppl.
913 4471 952 4525 llI
970 4491 997 4544 p.
1017 4477 1077 4530 828,
