3276 5090
764 303 979 370 ..38ss

286 473 320 534 ln
354 473 458 550 primis
490 477 589 530 autem
616 468 693 530 lovis
722 470 815 529 oratio
843 469 874 528 in
902 466 986 526 initio
1015 463 1084 526 libri
1114 467 1213 542 quarti
1240 464 1352 524 severis
1382 463 1461 525 iudi·

287 569 373 630 cibus
410 568 566 628 ollensioni
602 568 673 646 tuit,
710 565 856 646 siquidem
893 565 1065 642 compositis
1102 564 1175 624 rixis
1212 562 1392 624 Achivorum
1429 571 1461 622 et

288 668 483 728 Troianorum
508 661 558 744 (Δ
584 657 728 746 14-19)
751 661 894 724 Achillem
917 661 1082 721 honorandi
1105 663 1191 740 eopia
1214 659 1294 721 nulla
1317 661 1374 720 iam
1399 658 1461 720 lovi

289 763 521 844 relinquebatur,
568 762 627 822 Sed
655 760 791 822 simulata
819 762 951 820 oratione
980 751 1213 844 (πειρώμενος)
1242 756 1352 819 bellum
1380 776 1459 818 cour-

289 863 418 942 ponendi
438 860 595 922 consilium
614 859 732 920 dedisse
749 858 846 920 loram
865 865 952 936 poeta
971 857 1043 918 dicit
1062 865 1092 917 et
1110 856 1316 917 altercationes
1335 856 1460 918 deorum

290 970 347 1022 tam
372 958 487 1020 blandis
511 958 610 1034 verbis
633 956 789 1037 describit,
813 964 846 1016 ut
864 958 978 1016 animos
997 955 1216 1016 bominumrei
1235 956 1386 1033 praesenti
1404 954 1461 1014 soli

290 1059 422 1120 advertat
450 1065 480 1117 et
507 1076 523 1116 a
551 1057 756 1118 recordatione
785 1056 873 1134 primi
900 1052 969 1114 libri
996 1060 1028 1114 et
1054 1055 1164 1132 prioris
1192 1052 1310 1114 concilii
1335 1052 1461 1112 deorum

290 1155 429 1234 abducat3
453 1173 512 1232 qua
534 1155 570 1214 de
591 1172 679 1215 causa
704 1155 730 1214 si
748 1153 819 1232 quid
839 1154 870 1212 in
889 1151 936 1212 bis
955 1150 1040 1211 libris
1060 1159 1164 1212 contra
1182 1152 1255 1211 artis
1274 1150 1354 1229 leges
1373 1157 1462 1228 poeta

289 1255 435 1334 peccavit,
468 1260 620 1312 venustate
651 1253 815 1312 carminum
844 1257 873 1310 et
901 1267 1001 1310 amore
1028 1251 1141 1328 patriae
1170 1248 1254 1310 lacile
1283 1267 1314 1308 se
1345 1248 1462 1322 veniam

290 1351 405 1430 peccati
429 1352 657 1428 impetraturum
681 1348 829 1410 confidere
853 1349 958 1426 potuit.

379 1447 399 1525 ξ
423 1443 475 1510 25.
498 1447 624 1508 Maiores
648 1456 678 1508 et
702 1449 841 1508 iustiores
865 1445 1065 1507 dubitationes
1088 1444 1163 1506 liber
1187 1447 1331 1524 septimus
1354 1453 1463 1504 movet.

291 1546 422 1606 Primum
443 1565 502 1607 non
521 1555 606 1626 potes
625 1565 684 1606 non
704 1547 818 1624 mirari,
838 1551 996 1623 postquam
1011 1542 1163 1603 Pandarus
1177 1542 1323 1603 Troianus
1343 1543 1465 1602 loedere

292 1652 379 1722 rupto
403 1643 567 1704 Menelaum
596 1645 700 1722 sagitta
728 1644 809 1702 leriit
837 1649 867 1702 et
894 1659 986 1720 paene
1014 1641 1137 1720 occidit,
1166 1641 1324 1701 llectorem
1352 1643 1464 1700 iterum

290 1742 470 1804 Achivorum
485 1743 629 1820 optimum
645 1758 792 1820 quemque
806 1740 841 1802 ad
858 1757 985 1818 pugnam
997 1738 1175 1818 singularem
1187 1758 1346 1819 prouocare
1357 1757 1466 1800 ausum

291 1859 365 1919 esse,
384 1857 480 1918 neque
500 1841 650 1918 principes
665 1837 843 1898 Achivorum
859 1856 927 1897 cum
941 1836 1013 1897 alios
1029 1845 1091 1897 tum
1107 1837 1271 1898 Menelaum
1286 1838 1465 1917 exprobrata

291 1939 430 1998 societate
450 1938 575 2016 periurii
594 1935 796 2015 impudentem
815 1936 879 1994 eius
899 1937 1137 2013 provocationem
1156 1936 1347 1996 detrectasse.
1384 1933 1465 1996 llaec

291 2035 413 2095 adversa
437 2034 534 2094 fronte
558 2051 659 2094 secum
678 2041 819 2112 pugnant,
843 2041 876 2094 ut
895 2041 1046 2094 auctorem
1066 2036 1184 2112 septimi
1203 2033 1272 2094 libri
1292 2035 1415 2096 tertium
1435 2043 1466 2094 et

292 2138 432 2212 quartum
448 2135 600 2210 ignorasse
615 2139 665 2192 aut
680 2131 752 2192 l'also
768 2131 834 2191 illos
848 2151 863 2190 a
879 2131 1062 2191 diasceuasta
1077 2133 1107 2192 in
1122 2134 1251 2192 carmina
1266 2133 1351 2193 lliaca
1368 2131 1466 2194 illatos

293 2249 359 2290 esse
383 2223 530 2316 credasff)
577 2231 671 2310 Atque
700 2231 765 2290 lieri
790 2248 875 2308 posse
900 2247 988 2306 supra
1012 2232 1126 2311 rnonul,
1155 2240 1187 2291 ut
1216 2241 1277 2291 toto
1302 2232 1466 2290 certamine

294 2327 408 2388 Paridis
436 2334 467 2387 et
493 2326 618 2387 lllenelai
645 2334 764 2388 exsecto
794 2328 892 2385 statim
921 2345 935 2384 a
960 2325 991 2386 Γ
1013 2324 1053 2388 15
1077 2327 1113 2388 ad
1138 2329 1170 2388 Λ
1193 2326 1258 2388 446
1286 2336 1466 2388 transeatur.

293 2428 330 2486 dt
359 2424 520 2487 Homerum
551 2424 596 2486 rel
628 2426 746 2504 septimi
779 2422 848 2484 libri
880 2432 1032 2484 arrctorem
1064 2425 1120 2486 boc
1150 2444 1209 2486 non
1237 2425 1364 2486 voluisse
1394 2424 1466 2486 inde

293 2525 484 2604 perspicuum
503 2532 561 2604 est,
581 2523 660 2603 quod
680 2533 709 2584 et
724 2524 834 2584 llector
853 2526 883 2583 in
902 2523 978 2584 libro
997 2525 1122 2602 septimo
1143 2526 1177 2584 ll
1191 2523 1322 2586 69-l2
1344 2524 1467 2584 disertis

294 2621 392 2681 verbis
424 2621 552 2682 foederis
585 2621 772 2682 violationem
802 2623 925 2700 respicit
952 2629 982 2681 et
1009 2622 1174 2702 Pandarus,
1206 2624 1284 2702 qnod
1314 2623 1467 2684 Menelaus

294 2722 354 2778 ictu
385 2721 507 2796 sagittae
536 2718 692 2796 perculsus
720 2738 778 2780 non
807 2722 858 2800 sit,
888 2738 1016 2798 qumans
1044 2728 1075 2780 et
1098 2722 1223 2798 periurii
1246 2739 1356 2798 poenas
1379 2721 1469 2782 luens

295 2818 398 2896 quinto
423 2815 498 2876 libro
523 2816 682 2877 inducitur.
720 2816 832 2888 Quodsi
858 2835 960 2878 versus
979 2819 1014 2878 H
1032 2817 1163 2879 69--72
1183 2828 1213 2879 et
1232 2819 1262 2878 E
1280 2817 1469 2900 ado-aot,

294 2917 404 2994 optime
438 2913 502 2974 illos
534 2914 654 2994 quidem
686 2923 818 2976 tornatos
851 2933 947 2994 neque
977 2916 1033 2976 alio
1065 2919 1182 2978 nomine
1215 2927 1384 2998 suspectos,
1417 2938 1468 2978 ex—

293 3013 404 3092 pellere
429 3007 547 3094 solist),
571 3012 644 3073 nibil
668 3014 815 3093 reliquum
840 3023 898 3092 est,
922 3033 1010 3093 quarn
1033 3021 1067 3074 ut
1090 3014 1163 3074 rnale
1188 3015 1260 3075 baec
1283 3016 1342 3077 duo
1370 3024 1467 3076 certa-

296 3114 373 3171 mina
406 3114 563 3172 coniuncta
592 3131 658 3172 esse
689 3114 833 3174 latearnm·
861 3121 891 3172 et
918 3130 1020 3172 rerurn
1049 3113 1309 3174 inconcinnitatem
1337 3116 1377 3174 ita
1405 3133 1468 3174 non

295 3209 501 3290 defendamus,
529 3211 581 3270 sed
610 3229 799 3290 arbusculae,
828 3219 860 3270 ut
888 3229 1006 3270 eausam
1036 3209 1134 3270 violati
1162 3211 1290 3272 laederis
1312 3215 1406 3291 magis
1429 3232 1469 3272 ex

296 3306 371 3366 lovis
409 3307 533 3368 consilio
570 3327 658 3386 quam
692 3328 727 3368 ex
760 3307 956 3368 Troianorum
992 3309 1142 3386 impietate
1175 3310 1367 3388 repetendam
1399 3329 1468 3372 esse

294 3405 436 3467 dicamus.
551 3481 553 3486 Ι

384 3503 516 3562 Alterum
544 3505 574 3563 in
603 3502 673 3563 libri
695 3505 813 3583 septimi
836 3503 965 3564 secunda
989 3513 1072 3582 parte
1096 3505 1231 3584 offendit,
1259 3505 1337 3584 quod
1361 3505 1468 3566 Achivi

296 3603 410 3662 decimo
434 3619 511 3661 anno
535 3601 605 3661 belli
628 3609 694 3678 post
718 3601 833 3662 leliccm
857 3604 969 3663 exitum
993 3602 1098 3680 proelii
1118 3610 1215 3664 castra
1234 3621 1319 3664 muro
1339 3606 1466 3664 circum-

296 3774 326 3810 eo
349 3755 476 3810 deutlich
496 3771 557 3824 vor,
581 3755 645 3808 dass
669 3773 721 3808 nur
739 3753 939 3809 rer·aweifeltes
958 3754 1119 3810 Festbaltcn
1142 3773 1178 3810 an
1202 3757 1251 3810 der
1270 3757 1383 3812 Einheit
1405 3757 1467 3812 sich

296 3835 380 3890 debei
398 3835 553 3906 beruhigen
573 3835 691 3901 boante,
710 3835 853 3890 dieselben
871 3835 916 3888 fiir
934 3834 996 3888 aino
1015 3835 1184 3890 diobterisch
1205 3837 1279 3891 wohl
1298 3839 1468 3894 berechnete

296 3915 461 3985 Exposition
479 3935 512 3970 au
530 3915 627 3970 baltea
646 3933 701 3970 us.
713 3934 747 3970 w.
800 3979 803 3984 ¹

387 3999 412 4066 1)
432 3997 502 4052 Mire
526 3996 578 4051 boe
603 3993 715 4064 quidem
739 3996 889 4065 concoquit
909 3997 1081 4052 Duentaerus
1101 3999 1118 4052 l.
1138 3998 1170 4068 l.,
1194 3997 1300 4052 leviora
1323 3997 1377 4054 ista.
1399 3999 1467 4054 ferri

295 4093 376 4146 posse
395 4077 488 4146 negat.

385 4159 413 4225 2)
435 4162 462 4211 Η
481 4163 594 4211 tta-tn
621 4155 759 4236 Haulrtius
783 4156 812 4210 in
836 4157 1007 4211 Leehmauni
1031 4158 1104 4212 Betr.
1125 4163 1176 4211 110
1199 4157 1339 4214 eiciendos
1363 4165 1467 4229 censet,

296 4253 395 4305 patum
422 4235 471 4292 ille
499 4236 687 4304 considerate,
714 4238 940 4306 qnandoquidem
964 4237 1080 4292 exsectis
1098 4237 1142 4292 bie
1167 4238 1293 4294 versibus
1312 4256 1467 4309 pronomen

298 4311 363 4383 ὑμῖν
388 4319 416 4371 Η
435 4323 468 4370 73
488 4315 523 4369 ad
542 4316 617 4371 solos
636 4317 757 4372 Achivos
779 4317 953 4371 referendum
978 4321 1063 4386 esset,
1087 4333 1257 4386 quamquam
1281 4321 1464 4377 antecedente

299 4412 380 4450 versu
401 4397 428 4447 lt
446 4399 480 4449 68
499 4395 621 4450 Achivos
640 4397 669 4450 et
686 4397 819 4451 'l'roianos
838 4397 942 4452 Hector
961 4397 1098 4454 allocutus
1117 4399 1184 4454 erat.
