3280 5104
748 341 963 404 ..88-

268 516 347 589 sunt,
370 509 431 568 sive
454 505 547 566 libros
566 506 593 566 Z
604 505 648 566 M
654 505 690 564 N
696 499 763 572 ΞΟ
788 511 817 564 et
840 502 1033 580 interpolatas
1056 509 1156 580 partes
1168 499 1319 578 ¹librorum
1340 501 1412 562 ΕΠ
1414 501 1446 561 Ρ

269 610 299 667 in
319 606 441 666 eandem
461 604 595 683 capulam
614 606 738 685 conieci,
758 602 849 663 libros
867 609 965 662 aretem
979 600 1082 660 Hert
1100 619 1116 658 a
1135 600 1276 659 societate
1295 598 1440 660 librorum

273 703 349 764 ΨΩ
379 705 637 780 recentiorumque
666 703 795 780 partium
823 699 968 761 librorum
995 698 1148 758 ΣΤΤΦ
1177 707 1209 758 ut
1228 699 1436 776 ,seiungerem

268 801 343 863 nihil
366 819 432 862 esse
455 818 561 861 causae
585 795 758 879 intellexi.¹)

357 901 439 970 Quae
468 915 535 957 cum
559 898 599 956 ita
624 899 696 971 sint,
725 907 757 958 ut
780 897 951 957 discrimina
975 897 1139 956 carminum
1163 894 1262 954 Iliadis
1285 893 1440 954 oculorum

268 1015 387 1078 quoque
415 997 492 1056 risui
518 993 737 1074 subiceremus,
764 1003 905 1074 quattuor
928 993 1093 1053 litterarum
1117 991 1291 1072 generibus,
1322 991 1439 1053 duobus

268 1093 431 1155 maioribus
454 1101 484 1154 ct
506 1089 624 1152 dnobus
647 1091 827 1173 minoribuS,
856 1110 930 1152 usus
958 1109 1038 1172 snm,
1066 1089 1175 1169 quibus
1204 1091 1382 1150 retristiores
1409 1098 1440 1150 et

268 1195 452 1254 recentiores
481 1207 585 1249 versus
613 1191 711 1267 magni
739 1191 883 1268 poematis
910 1188 1132 1266 distinguerem.
1178 1187 1249 1248 lnde
1277 1187 1440 1248 maioribus

268 1290 376 1351 litteris
399 1290 490 1349 rectis
514 1297 644 1348 veterem
665 1287 787 1348 iliadem
812 1308 869 1350 una
893 1307 961 1348 cum
980 1285 1064 1346 libris
1084 1281 1169 1346 ΒΨ
1175 1287 1207 1345 Δ
1218 1287 1257 1363 Ε,
1276 1285 1440 1347 maioribus

269 1388 417 1448 triclinatis
445 1386 588 1464 carmina,
618 1388 648 1446 in
672 1385 781 1464 quilius
804 1397 834 1447 et
857 1395 953 1447 castra
977 1383 1156 1444 Achivorum
1180 1402 1266 1445 muro
1289 1386 1385 1444 cincta
1409 1395 1440 1444 et

268 1505 340 1564 opes
364 1485 560 1544 Troianorum
584 1482 691 1543 robore
716 1485 895 1563 Sarpedonis
914 1485 1131 1564 Lyciorumque
1155 1489 1258 1542 auctae
1278 1485 1441 1560 linguntur,

267 1583 434 1643 minoribus
448 1583 538 1641 rectis
552 1580 645 1640 libros
656 1582 690 1642 H
697 1582 754 1641 ΘΙ
764 1577 811 1642 Ab
820 1578 871 1642 Σὺ
883 1577 928 1642 '1'b
939 1576 984 1641 Tb
997 1576 1048 1641 dt
1062 1580 1139 1640 ΨΩ
1149 1589 1216 1658 post
1227 1583 1379 1659 superiora
1392 1581 1440 1640 illa

268 1683 397 1742 carmina
428 1680 558 1759 additos,
586 1679 714 1758 denique
743 1678 908 1739 minoribus
936 1677 1085 1738 inclinatis
1109 1677 1329 1738 recentissimas
1353 1697 1440 1757 ‹puns-

269 1797 326 1859 qnc
350 1785 464 1857 partes,
492 1776 572 1837 velut
595 1775 758 1855 catalogum
783 1779 900 1837 nerium
925 1787 955 1836 et
977 1774 1135 1835 Doloneam
1160 1783 1190 1834 et
1213 1773 1268 1834 elia
1292 1776 1321 1836 id
1346 1796 1442 1854 genus

268 1876 413 1938 exarando
438 1876 615 1936 certavimus.
657 1873 742 1944 Quod
762 1883 861 1935 autem
880 1892 917 1933 ne
937 1874 980 1932 sic
1000 1871 1119 1951 quidem
1140 1873 1317 1932 uncinorum
1337 1873 1442 1934 hamos

269 1995 393 2054 prorsus
417 1975 593 2053 sprevimus,
617 1991 650 2032 ea
679 1972 716 2032 de
744 1991 832 2034 causa
861 1973 1000 2050 lecimus,
1029 1977 1062 2031 ut
1090 1988 1126 2030 ne
1151 1970 1240 2030 nimis
1263 1973 1441 2032 inconcinna

269 2076 417 2153 scriptura
442 2071 581 2132 evaderet
604 2089 822 2150 operarumque
847 2068 1001 2149 improbus
1025 2067 1108 2128 labor
1130 2070 1324 2130 minneretur.

357 2187 377 2264 ξ
401 2185 452 2248 43.
499 2185 635 2246 Veterem
659 2185 778 2247 iliadem
806 2205 862 2247 cur
885 2193 915 2246 et
939 2203 997 2264 quo
1021 2192 1106 2262 paeto
1130 2203 1146 2242 a
1170 2184 1387 2246 recentioribus
1411 2197 1442 2247 et

272 2285 485 2346 recentissimis
513 2283 648 2362 partibus
676 2285 819 2361 poematis
848 2283 1039 2362 separandam
1069 2282 1254 2362 diluerimus,
1283 2285 1355 2343 satis
1382 2287 1441 2345 inm

270 2385 423 2464 operuisse
447 2381 534 2468 nobis
559 2379 701 2439 videmur.
740 2381 797 2440 Sed
823 2382 907 2442 laeilc
931 2384 996 2440 lieri
1019 2387 1131 2459 potest,
1155 2387 1188 2440 ut
1212 2383 1279 2458 quis
1303 2385 1443 2457 rationes,

271 2501 344 2560 quas
373 2481 511 2559 exposui,
539 2476 658 2557 probet,
691 2477 743 2537 sed
772 2487 822 2539 aut
850 2488 981 2540 veterem
1009 2477 1129 2538 iliadem
1158 2488 1224 2556 post
1253 2486 1295 2538 tot
1324 2481 1441 2540 saccula

270 2581 388 2640 restitui
412 2595 499 2656 posse
523 2576 662 2653 desperet
685 2583 735 2636 ant
759 2579 789 2636 in
813 2576 937 2656 singulis
961 2576 1034 2637 loeis
1058 2574 1229 2653 separandis
1253 2595 1300 2636 me
1324 2596 1442 2638 errasse

270 2679 356 2737 dicat.
394 2675 506 2736 Horum
530 2691 618 2733 causa
642 2691 735 2751 panea
759 2674 895 2736 subicere
920 2675 992 2734 milii
1015 2675 1111 2734 visum
1135 2679 1189 2753 est,
1213 2693 1272 2733 non
1298 2684 1330 2735 ut
1349 2685 1441 2736 totam

271 2776 423 2834 materiem
457 2771 628 2831 erliauriam
662 2803 702 2812 —-
736 2771 822 2851 longe
855 2775 934 2833 enim
966 2772 1023 2832 hec
1056 2773 1131 2830 lines
1163 2770 1442 2850 prolegomenornm

270 2871 464 2948 egrederetur
487 2903 530 2910 »ψ
554 2867 606 2928 sed
635 2878 669 2929 ut
691 2888 804 2930 summe
829 2869 1006 2930 lineamenta
1034 2887 1117 2929 meae
1145 2887 1251 2948 operae
1279 2871 1441 2950 designem.

270 2973 366 3049 Atque
395 2970 531 3046 exiguam
560 2965 631 3027 mihi
660 2985 779 3045 operam
809 2967 851 3028 illi
875 2967 943 3028 libri
966 2975 1153 3048 paraverunt,
1177 2970 1228 3046 qui
1253 2987 1311 3029 uno
1337 2979 1441 3031 tenore

270 3066 426 3143 compositi
454 3071 525 3123 sunt
552 3071 582 3123 et
610 3062 804 3140 interpolatos
832 3065 912 3126 locos
941 3075 991 3125 aiil
1019 3065 1116 3125 nullos
1143 3074 1194 3125 aut
1221 3084 1387 3146 perpaucos
1411 3077 1441 3129 et

272 3163 443 3224 ritanilestos
471 3163 638 3240 continent,
667 3160 747 3222 velut
777 3163 809 3224 K
820 3164 933 3224 ZNst
961 3171 990 3224 et
1018 3169 1051 3223 ut
1080 3162 1151 3222 mihi
1181 3163 1300 3242 quidem
1325 3166 1441 3226 ridetur

273 3264 361 3322 etiam
391 3263 421 3320 A
445 3268 475 3319 et
496 3259 544 3319 M.
590 3258 643 3319 llis
672 3261 750 3318 enim
779 3262 810 3320 in
838 3259 922 3321 libris
949 3259 1006 3320 hoc
1034 3277 1126 3320 rrnum
1150 3262 1352 3338 quaerendum
1377 3263 1441 3343 luit,

271 3361 320 3419 cui
349 3377 383 3418 ex
413 3364 555 3436 quattuor
583 3375 658 3435 qrrac
686 3360 828 3419 constitui
856 3357 1016 3436 generibus
1045 3360 1208 3418 carminum
1238 3361 1364 3438 quisque
1393 3361 1441 3419 ad-

199 3499 206 3505 *
272 3457 434 3535 signandus
462 3463 554 3532 esset,
583 3456 668 3515 cuius
697 3457 741 3514 rei
764 3473 823 3516 non
847 3455 1005 3516 admodum
1029 3454 1158 3515 difficilis
1182 3457 1237 3516 luit
1260 3456 1441 3518 diiudicatio.

271 3555 380 3615 Maiora
411 3556 468 3613 iam
502 3552 574 3611 mihi
607 3554 722 3630 negotia
756 3553 970 3614 lacessiverunt
997 3555 1020 3613 ii
1047 3553 1129 3632 libri,
1161 3555 1213 3631 qul
1241 3573 1275 3614 ex
1304 3554 1442 3633 pluribus

270 3652 405 3734 partibus
442 3657 593 3731 constant,
630 3650 709 3711 velut
743 3650 851 3712 ΒΓΔ
861 3651 899 3711 Η
905 3650 1059 3711 storin
1073 3652 1121 3731 Ψ;
1158 3650 1210 3710 sed
1242 3650 1291 3711 hic
1323 3670 1442 3731 quoqne

271 3754 342 3812 satis
370 3757 450 3810 certa
480 3748 552 3809 mihi
580 3748 700 3828 patebat
727 3750 785 3828 via,
814 3751 927 3809 munita
956 3747 1004 3808 illa
1032 3751 1062 3809 in
1090 3751 1186 3827 primo
1215 3751 1310 3829 capite
1335 3750 1442 3813 horum

311 3881 484 3888 --.--.-—-

361 3943 387 4006 1)
407 3937 487 4003 Quod
511 3953 606 3992 omnes
629 3937 716 3992 libros
742 3941 771 3992 et
788 3954 898 4005 versus,
921 3936 1021 4006 quibus
1041 3937 1211 4008 Sarpedonis
1230 3942 1260 3994 el
1278 3939 1379 3996 Glauci
1398 3959 1442 3997 res

269 4020 459 4084 illustrantur,
487 4015 585 4071 eodem
612 4019 738 4086 tempore
767 4020 843 4072 ortos
871 4021 901 4072 ei
928 4017 1060 4072 continuo
1084 4019 1174 4074 laetos
1197 4017 1268 4086 dixi,
1295 4020 1378 4075 huius
1401 4025 1440 4079 rei

271 4099 376 4153 indicia
395 4097 459 4152 inde
479 4113 588 4166 quoque
608 4099 697 4168 petae,
716 4097 791 4166 quod
806 4097 896 4166 magis
909 4114 993 4167 quam
1007 4097 1058 4152 alii
1070 4097 1190 4154 invicem
1205 4115 1264 4154 sese
1278 4101 1442 4168 respiciunt.

271 4178 316 4232 Sic
347 4177 473 4232 versibus
497 4180 527 4230 Π
549 4183 600 4231 511
620 4179 650 4232 ei
668 4183 720 4231 558
748 4177 784 4232 ud
808 4177 908 4231 libmm
927 4182 962 4232 M
981 4178 1161 4244 remittimur,
1190 4182 1219 4233 ei
1241 4182 1383 4236 contraria
1407 4202 1440 4239 ex

271 4261 349 4326 parta
377 4273 452 4310 mors
473 4256 641 4327 Sarpedonis
664 4256 714 4312 illo
734 4258 796 4312 loco
815 4259 927 4312 narrata
945 4257 1071 4312 versibus
1091 4261 1114 4312 Ε
1134 4265 1186 4313 674
1205 4261 1234 4314 ei
1252 4264 1286 4314 M
1301 4265 1354 4316 403
1374 4263 1441 4319 lieet

272 4337 388 4392 obscure
410 4336 465 4390 iam
485 4337 706 4410 praenuntietur,
725 4339 754 4392 id
772 4337 846 4406 quod
864 4337 928 4392 ideo
947 4338 1033 4393 eiiam
1053 4337 1205 4392 notabilius
1224 4341 1275 4407 esi,
1294 4341 1370 4408 quod
1384 4359 1441 4398 non

272 4417 368 4470 endem
391 4417 540 4485 diligentia
557 4421 643 4486 poeta.
661 4419 724 4474 eliis
743 4417 812 4474 loeis
832 4435 897 4472 usus
916 4421 967 4486 esi,
987 4419 1020 4472 ef.
1041 4436 1066 4486 p.
1086 4423 1128 4474 to.
