3280 5104
629 381 873 446 -179-

156 547 217 605 iarn
251 563 306 605 suo
340 542 404 604 loco
437 543 550 604 dictum
584 551 643 624 εει,
675 543 731 604 hoc
765 542 860 604 solum
893 542 968 604 addo
1001 543 1207 624 offensionem,
1244 563 1332 624 quam

154 641 346 702 Nanclxianae
372 643 538 719 scripturae
553 631 750 720 Ἡρακλείως
773 650 803 703 et
817 633 1010 722 Ἡρακλεεΐη
1034 644 1125 702 trium
1146 650 1333 722 quatuorque

156 739 305 802 vocalium
333 741 496 800 immensus
524 737 622 799 hiatus
651 742 757 800 merito
785 742 936 820 excitavit,
965 758 980 798 a
1010 739 1095 801 nohis
1123 743 1261 801 restituto
1290 741 1334 801 di·

156 857 276 916 gammo
301 839 421 897 vitatam
445 855 520 896 esse.

249 925 401 1016 ὀτίρεσσι,
434 935 514 1014 quod
543 955 558 995 e
588 928 791 1014 σίοσῦρεσσι
819 943 918 997 ortum
946 946 1005 1016 est,
1036 938 1065 996 in
1095 953 1183 996 versu
1211 936 1243 995 Ε
1267 933 1334 996 486

156 1036 293 1095 λαοῖσιν
316 1025 457 1113 μενέμεν
479 1027 534 1094 καὶ
558 1024 764 1113 ἀμυνέμεναι
788 1023 923 1112 ὀῦρεσσι
948 1043 981 1095 ut
1005 1053 1072 1094 cum
1094 1033 1225 1094 Nauckio
1250 1035 1334 1093 resti·

156 1140 327 1210 tueremus,
355 1133 488 1190 numeris
516 1139 631 1191 mutum
661 1149 718 1191 uon
747 1135 842 1192 coacti
866 1151 977 1193 sumus.
1029 1131 1145 1192 Priscus
1169 1139 1200 1190 et
1222 1131 1334 1192 solutas

158 1228 271 1289 termas
295 1219 411 1308 ὀάρων
434 1235 465 1288 et
488 1219 613 1305 ὀαρίζει
637 1228 760 1307 reliquis
785 1228 857 1289 locis
881 1231 938 1308 ipsi
962 1228 1081 1290 codices
1105 1237 1236 1290 tuentur.

250 1317 334 1387 σόον
358 1343 412 1404 pro
436 1323 507 1386 σῶν
531 1325 566 1386 ad
590 1325 751 1402 analogiam
777 1327 937 1387 termarum
961 1319 1037 1388 σόοι
1056 1320 1157 1400 σόονς
1176 1329 1335 1406 quominus

157 1427 191 1484 A
224 1421 296 1485 117.
324 1425 353 1484 Θ
380 1420 455 1485 246.
484 1423 519 1483 Ν
547 1420 620 1484 773.
645 1422 674 1481 Ρ
693 1419 756 1482 367
782 1423 912 1484 editores
937 1427 1142 1504 restituerent,
1173 1424 1336 1485 Aristarchi

158 1524 337 1582 auctoritate
376 1520 533 1582 lectionem
570 1518 641 1583 σῶν
677 1521 874 1599 praeferentis
910 1521 1053 1600 prohibiti
1091 1541 1156 1582 esse
1190 1522 1336 1583 ridentur.

162 1617 373 1680 nitucututem
402 1617 483 1679 solus
511 1636 616 1678 versus
640 1619 672 1677 X
692 1615 757 1680 332
781 1622 911 1700 peperit,
935 1637 1023 1698 qnam
1048 1639 1106 1698 quo
1130 1627 1216 1698 pecto
1241 1637 1334 1680 remo·

52 1759 58 1768 ·
162 1716 286 1778 rendam
311 1735 377 1776 esse
401 1734 585 1795 censeamus,
610 1717 675 1776 ride
700 1734 774 1794 quae
797 1718 833 1778 ad
858 1717 938 1778 hunc
961 1716 1058 1778 locum
1083 1717 1296 1779 adnotavimus.

249 1810 336 1895 χρεῴ
368 1817 450 1875 iuxta
484 1805 583 1894 χρειιῦ
615 1813 742 1874 eundem
775 1823 891 1893 poetam
921 1824 1003 1876 extra
1032 1814 1193 1876 clausulam
1222 1832 1336 1894 versus,

161 1931 250 1991 quam
274 1911 456 1998 peculiarem
479 1911 588 1972 hahere
608 1915 829 1973 excusationem
850 1931 939 1992 supra
958 1913 1123 1992 docuimus,
1147 1911 1257 1971 dixisse
1277 1929 1335 1970 non

160 2011 256 2088 magis
278 2008 432 2090 prohabile
456 2017 502 2070 est
525 2017 614 2088 atque
638 2009 747 2070 formes
772 2005 832 2092 ἕως
856 2020 885 2069 et
904 1995 972 2081 εἷος
990 2012 1158 2088 promiscue
1178 2016 1336 2087 usurpatas

160 2125 237 2168 esse.
284 2105 348 2176 Qua
376 2106 413 2166 de
441 2125 528 2168 cansa
559 2107 589 2166 A
616 2103 681 2167 606
709 2105 744 2166 τί
769 2099 806 2167 δέ
834 2113 943 2186 χρεῖος
971 2098 1023 2186 (δέ
1052 2117 1089 2166 σε
1116 2101 1216 2187 χρεώ)
1247 2101 1335 2185 ἐμεῖο

158 2205 380 2266 emendandum
408 2213 439 2264 et
466 2205 488 2264 I
517 2200 567 2264 75.
596 2201 670 2265 607.
699 2224 716 2264 ο
745 2200 809 2265 201
839 2196 901 2286 χρή
925 2221 979 2281 pro
1003 2195 1089 2284 χρεοί
1112 2221 1180 2263 curu
1205 2201 1336 2264 Nauckio

160 2303 381 2364 restituendum
406 2319 471 2362 esse
496 2301 608 2381 iudico,
639 2303 697 2362 nisi
720 2310 887 2381 postremos
907 2301 988 2362 locos
1008 2303 1122 2362 recenti
1141 2302 1255 2380 origine
1274 2319 1336 2361 car-

160 2401 276 2462 minum
302 2407 458 2460 exousatos
482 2416 547 2459 esse
572 2398 666 2460 malis.

250 2487 417 2578 Ὠαρίωνα
445 2503 562 2557 veteres
590 2515 686 2576 usque
715 2496 750 2556 ad
775 2496 895 2557 Pindari
923 2503 1049 2556 aetatem
1072 2497 1184 2556 dixisse
1207 2514 1275 2556 cum
1300 2515 1335 2556 ex

157 2595 329 2655 Pindaricis
357 2593 492 2655 versibus
520 2593 592 2656 lsth.
615 2594 655 2654 Hl
678 2592 719 2656 67
749 2587 854 2674 φύσίν
875 2584 1109 2672 Ὠαριωνείαν,
1138 2593 1221 2654 Nem.
1244 2592 1270 2653 ll
1296 2590 1337 2654 12

154 2685 328 2773 Ὠαρίωνα
360 2695 495 2753 νεῖσθαι
529 2700 698 2772 compareat
726 2698 756 2751 et
784 2692 829 2752 bis
858 2691 934 2770 apud
963 2689 1125 2752 Homerum
1156 2691 1190 2750 Σ
1213 2688 1279 2752 486
1307 2697 1338 2749 et

157 2791 180 2850 λ
206 2787 272 2850 310
293 2780 453 2870 ’Ὠρίωνος
482 2793 512 2850 iu
537 2788 667 2851 clausula
692 2807 796 2850 versus
819 2791 949 2868 positum
973 2792 1020 2870 sit,
1045 2789 1210 2849 Nanclium
1234 2795 1264 2846 et
1286 2786 1335 2846 hic

159 2895 193 2946 et
212 2887 338 2966 reliquis
357 2887 430 2947 locis
449 2887 599 2949 diductam
620 2887 743 2947 iorrnam
760 2877 943 2967 Ὠαρίωνος
962 2895 1150 2946 revocantem
1166 2877 1334 2964 comprobo.

160 2981 266 3056 Quid?
284 2985 364 3065 quod
379 2984 575 3046 Callimachus
594 2987 748 3045 etiamtum
768 2986 798 3044 in
818 2983 1036 3062 exemplaribus
1052 2984 1173 3044 Homeri
1186 2982 1336 3043 diductam

159 3084 291 3144 formam
321 3081 428 3162 legisse
457 3083 588 3163 ridetur,
621 3100 709 3161 quam
738 3083 796 3142 nisi
823 3084 853 3141 in
883 3099 937 3141 suo
967 3080 1094 3142 Homero
1123 3080 1257 3158 legisset,
1290 3081 1337 3140 vix

159 3183 227 3260 ipse
258 3182 289 3240 in
319 3180 427 3261 hymno
453 3181 533 3242 Dian.
557 3177 623 3242 266
650 3179 750 3240 dicere
779 3197 870 3240 ausus
894 3187 973 3238 esset
998 3169 1087 3238 Οὐδὲ
1111 3170 1172 3256 μέν
1192 3169 1338 3256 ’Ὠαρίων

160 3269 300 3357 ἀγαθὸν
323 3270 434 3359 μα’μον
457 3271 695 3359 ἐμνήστευσαν.

255 3365 448 3455 οὐατόεντα,
471 3396 532 3437 non
556 3367 707 3438 ὠτώεντα
729 3374 767 3433 Ψ
783 3369 849 3434 264
869 3381 899 3433 et
921 3369 986 3432 513
1010 3373 1141 3451 itemque
1166 3362 1215 3431 ἐπ’
1242 3361 1335 3432 οὔατ’

162 3463 296 3551 ἄλειφε,
324 3491 384 3533 uon
412 3465 463 3536 ἐπ’
494 3463 578 3536 ὠσὶν
607 3465 722 3552 ὔλειφε
751 3491 774 3549 μ
803 3467 868 3531 200
896 3477 1012 3548 poetam
1040 3470 1151 3530 dixisse
1175 3487 1208 3529 ex
1236 3469 1338 3528 termis

162 3553 248 3642 οὖας
274 3561 394 3643 οὔατος
423 3562 521 3633 οὔασι
545 3571 675 3649 Heynius
703 3565 830 3644 collegit.
876 3567 1022 3646 Equidem
1050 3585 1118 3628 cum
1147 3576 1227 3626 certa
1257 3565 1337 3626 testi·

163 3669 263 3727 monia
288 3668 505 3750 desiderentur,
529 3671 560 3729 in
584 3667 698 3728 recenti
721 3666 852 3725 carmine
876 3653 950 3725 nihil
974 3667 1086 3728 novari.

255 3763 349 3826 Verba
370 3784 438 3827 cum
457 3767 677 3846 praepositione
696 3753 760 3840 πρό
780 3765 944 3842 composita
963 3758 1130 3845 προέθηκε
1149 3753 1337 3838 προέπεμψε

163 3855 350 3943 προέφαινε
372 3857 504 3944 προέχει
529 3882 588 3924 uno
612 3863 678 3922 loco
703 3859 801 3921 ultimi
824 3858 893 3920 libri
912 3859 1061 3939 Odysseae
1081 3880 1107 3920 ω
1126 3855 1193 3918 360
1216 3863 1340 3934 excepto

165 3961 195 4018 in
220 3958 397 4038 diphthongi
421 3963 594 4021 societatem
618 3961 698 4019 coire
722 3961 840 4036 negarit
864 3959 1014 4018 Nauckius
1033 3956 1099 4018 mel.
1120 3954 1155 4014 lV
1175 3951 1228 4035 95,
1251 3972 1339 4033 quam

166 4059 343 4116 sententiam
368 4077 436 4118 cum
460 4065 566 4138 quater
589 4060 619 4117 in
644 4073 748 4116 versus
772 4054 903 4116 clausula
927 4058 956 4116 Θ
974 4053 1048 4116 367.
1077 4055 1114 4114 Ψ
1130 4049 1204 4114 453.
1228 4053 1244 4126 ζ
1268 4050 1339 4114 138.

163 4147 189 4234 Ιμ
209 4152 275 4216 394
299 4154 393 4216 soluta
421 4157 513 4216 torma
537 4155 694 4232 flagitetur,
720 4171 779 4213 uon
804 4153 929 4233 probare
955 4171 1012 4212 non
1038 4167 1205 4230 possumus.

256 4253 276 4330 ξ
303 4250 374 4314 107.
422 4252 658 4314 Declinationum
682 4250 793 4310 lormae
817 4250 944 4311 solutae:

256 4351 403 4432 Πείροος
422 4343 569 4430 (Πείρως
592 4343 692 4431 codd.)
712 4349 745 4408 Δ
763 4345 838 4410 520.
857 4342 922 4408 525
942 4348 1117 4425 scripsimus
1137 4345 1172 4405 ad
1192 4346 1342 4427 exemplar

169 4450 305 4511 diductae
330 4449 442 4509 iormae
466 4446 611 4527 Πείροος
634 4437 724 4526 ἥρως
746 4445 774 4504 Β
799 4441 872 4506 844.
