3276 5090
768 367 983 432 -2g-

292 537 337 588 est
365 535 395 589 et
423 529 539 590 loctuna
567 531 651 608 regni
679 529 760 590 lliaci
788 538 855 590 ante
878 529 1039 590 Troianum
1066 528 1175 590 bellura
1199 519 1406 610 (213-242)
1430 535 1461 588 et

296 633 362 704 post
390 627 481 687 latum
505 626 614 687 Priami
638 619 849 724 pou-308),
868 627 978 706 cyclico
1007 644 1089 687 more
1115 635 1250 687 enarrata
1273 633 1332 704 est,
1360 624 1461 686 nullus

291 723 428 802 equidem
452 724 583 786 dubitavi
605 724 681 786 hanc
704 733 819 805 partem
842 725 959 786 infimae
983 726 1071 786 acuti
1090 723 1264 785 Homericae
1287 726 1386 803 poesis
1409 721 1459 783 ad·

292 824 415 900 signare.
463 821 535 884 Nam
564 823 608 884 vel
639 831 706 902 post
729 813 942 884 ‘Oaiortou'cv
971 840 1035 883 eam
1063 824 1156 883 veteri
1182 821 1265 882 lliadi
1297 823 1459 882 accessisse

255 951 269 968 ι
289 918 356 978 inde
380 927 474 1000 patet,
499 921 577 1000 quod
597 924 662 981 eius
686 929 788 983 auctor
808 940 912 982 versus
932 921 965 981 Σ
977 917 1150 982 tici-481
1173 938 1232 981 non
1251 919 1346 980 solum
1366 922 1458 998 novit,

288 1016 338 1077 sed
364 1020 451 1079 etiam
476 1037 614 1097 perverse
638 1021 851 1098 interpretatus
874 1028 933 1098 est,
956 1037 1024 1080 cum
1048 1037 1120 1079 auro
1144 1035 1212 1078 aere
1236 1015 1370 1096 plumbo,
1394 1021 1458 1096 qui-

288 1113 344 1174 hus
372 1114 497 1176 metallis
526 1119 604 1176 scuti
632 1126 803 1177 ornamenta
831 1116 946 1179 balteus
974 1134 1078 1178 ocreae
1107 1118 1196 1176 crista
1226 1115 1286 1177 illic
1318 1112 1459 1176 fabricari

286 1211 382 1291 lepide
408 1225 578 1295 narrantur,
602 1215 733 1293 quinque
756 1213 871 1274 tabulas
894 1205 1047 1297 (πτύχας)
1072 1215 1149 1274 scuti
1172 1221 1308 1274 constare
1337 1211 1458 1273 inflecte

288 1309 373 1388 lingit
398 1313 426 1370 Τ
447 1309 632 1373 268-272.

378 1406 462 1468 Scnti
492 1409 615 1470 Achillei
645 1409 797 1470 fabricatio
828 1410 862 1469 Σ
883 1406 1067 1470 483-608
1095 1429 1110 1468 a
1142 1408 1291 1469 Zenodoto
1321 1407 1458 1468 damnata

283 1517 345 1585 est,
369 1506 447 1585 quod
472 1516 505 1567 ut
528 1507 651 1586 iaceret,
676 1525 733 1567 non
759 1507 815 1568 lide
840 1515 1022 1568 vetustarum
1046 1507 1219 1586 editionum,
1244 1508 1275 1566 in
1299 1506 1407 1584 quibus
1431 1509 1459 1566 si

285 1606 316 1665 hi
341 1623 444 1665 versus
472 1605 649 1684 defuissent,
680 1607 870 1666 Aristarchus
899 1605 928 1666 id
957 1604 1097 1664 adnotare
1126 1621 1186 1664 non
1213 1605 1375 1682 omisisset,
1403 1604 1456 1664 sed

286 1706 400 1764 ratione
420 1713 449 1764 et
469 1705 593 1763 sortasse
612 1705 699 1763 etiam
725 1703 799 1762 lama
819 1704 1007 1764 Pisistrateae
1026 1702 1206 1762 redactioois
1225 1701 1371 1762 adductus
1389 1719 1457 1762 esse

288 1801 411 1862 videtur.
458 1803 523 1873 Orio
546 1805 624 1862 enim
650 1802 736 1862 modo
760 1800 918 1860 lloloneam
941 1799 977 1860 ah
1001 1799 1066 1860 aliis
1089 1802 1227 1860 omissam
1252 1807 1282 1860 et
1304 1816 1457 1859 armorum

286 1903 547 1962 commutationem
571 1899 720 1960 Diomedis
744 1906 773 1958 et
796 1896 899 1958 Glauci
922 1897 959 1958 ah
982 1896 1047 1957 aliis
1071 1897 1127 1956 alio
1151 1896 1215 1958 loco
1239 1898 1364 1974 positam
1389 1915 1456 1958 esse

285 2001 445 2060 memoriae
468 1998 619 2076 proditum
642 2004 700 2076 est,
725 1999 763 2057 ita
788 1996 876 2056 hrrius
900 2013 1018 2075 qnoque
1041 1996 1135 2074 partis
1158 2013 1173 2054 a
1193 1993 1348 2056 Pisistrato
1371 1993 1457 2055 lliadi

284 2099 412 2157 intextae
433 2098 538 2158 lamam
557 2095 592 2156 ad
612 2095 794 2155 Zenodotum
815 2093 969 2174 perlatam,
994 2101 1124 2171 spretam
1143 2092 1179 2153 ab
1199 2092 1371 2153 Aristarcho
1389 2109 1456 2168 esse

285 2196 430 2272 suspicari
461 2196 566 2273 possis.
613 2193 697 2263 Ouod
726 2199 824 2253 autem
856 2190 1046 2252 Aristarchus
1076 2199 1179 2251 contra
1212 2189 1394 2252 Zenodotum
1424 2193 1455 2251 in

285 2290 397 2351 scholio
420 2291 456 2351 ad
481 2291 514 2349 Σ
535 2287 600 2351 483
624 2289 744 2350 disserit
768 2280 819 2351 ὅτι
844 2282 1036 2367 Ζηνόδοτος
1060 2279 1222 2368 ciddennaco
1246 2280 1310 2349 ιἰιιὸ
1333 2283 1456 2350 τούτου

283 2385 344 2449 τοῦ
372 2387 487 2468 στίχου
514 2379 554 2448 τὰ
582 2379 697 2464 λοιπά,
727 2377 903 2465 ἀρκεσθεὶς
930 2383 969 2467 τῇ
997 2379 1218 2465 κεφαλαιώδει
1246 2381 1454 2464 apostatrices·

247 2475 419 2566 ,Ὅμηρος
451 2478 487 2547 δὲ
521 2475 582 2546 οὐκ
615 2473 658 2544 ἂν
691 2477 966 2568 προειραγῴδησε
995 2476 1034 2543 τὰ
1065 2475 1146 2544 κατὰ
1178 2475 1236 2558 τὰς
1268 2476 1392 2562 φύσας,
1426 2481 1457 2544 εἰ

281 2574 326 2661 μὴ
361 2575 416 2642 καὶ
448 2574 510 2662 τὴν
536 2569 601 2661 ’τῆς
632 2579 798 2653 ποικιλίας
833 2572 1040 2660 κατασκευὴν
1076 2579 1189 2659 ἔμελλε
1226 2579 1455 2658 διατίθεσθαι,

283 2678 312 2739 id
338 2679 409 2740 mihi
433 2698 491 2741 non
517 2679 613 2759 plane'
625 2680 774 2757 persuasit
797 2680 1056 2756 grammaticorum
1082 2680 1230 2758 princeps.
1273 2679 1347 2740 Nam
1371 2677 1455 2738 iollas

283 2779 345 2854 igni
368 2778 556 2839 accendendo
581 2776 742 2838 Vulcanum
766 2777 941 2836 ammovissc
969 2783 1036 2854 apte
1064 2783 1152 2854 poeta
1179 2775 1254 2837 dixit
1276 2777 1313 2837 ad
1336 2783 1454 2837 scutum

285 2877 409 2954 eiusque
429 2881 609 2954 ornamenta,
633 2875 794 2952 thoracem,
817 2872 938 2952 galeam,
962 2891 1065 2934 ocreas
1086 2873 1266 2953 fabricanda,
1289 2875 1351 2933 sire
1370 2889 1455 2933 orna·

283 2981 381 3032 menta
401 2972 571 3051 singillatim
590 2971 809 3052 descripturus,
829 2971 890 3030 sive
910 2989 970 3032 uno
990 2988 1076 3032 versu
1096 2968 1161 3033 482
1181 2990 1215 3032 ea
1234 2971 1455 3050 significaturus

284 3078 361 3148 erat3
389 3069 464 3130 male
488 3078 586 3131 autern
613 3069 662 3130 ille
687 3087 750 3130 rem
773 3069 901 3148 partitus
924 3077 984 3150 est,
1013 3069 1092 3148 quod
1117 3071 1147 3130 in
1171 3069 1352 3130 ornamentis
1376 3071 1455 3130 scuti

284 3166 488 3228 describendis
522 3177 581 3228 tam
608 3167 714 3246 longus
745 3169 814 3246 luit,
847 3164 920 3226 nihil
949 3166 1023 3227 dixit
1050 3167 1087 3227 de
1115 3167 1248 3228 artificiis
1276 3165 1374 3245 galeae
1402 3164 1454 3241 (cl.

283 3258 416 3345 adpelle
444 3257 549 3344 καλὴν
578 3259 760 3343 δαιδαλέην
784 3263 819 3323 Σ
840 3256 921 3345 612)
945 3263 1075 3326 thoracis
1098 3264 1200 3343 baltei,
1232 3281 1307 3342 quae
1331 3271 1361 3323 et
1389 3266 1452 3342 ipsa

283 3361 470 3422 lineamentis
493 3371 523 3421 et
546 3365 657 3423 crustis
676 3364 776 3423 ornari
799 3360 885 3422 solita
907 3380 972 3422 esse
992 3380 1028 3420 cx
1048 3363 1078 3422 A
1095 3359 1222 3423 19-31
1244 3363 1453 3439 comperimus.

283 3457 382 3519 Nihilo
407 3461 504 3520 minus
528 3460 584 3520 hoc
609 3478 677 3520 vere
702 3462 830 3520 sensisse
856 3459 972 3520 videtur
992 3459 1191 3539 Aristarchus,
1216 3467 1274 3519 tam
1298 3460 1380 3518 lusae
1404 3477 1453 3518 er·

284 3560 424 3638 positioni
448 3557 583 3619 olllcinae
607 3567 636 3617 et
661 3557 831 3618 utensilium
855 3556 978 3617 Vulcani
1001 3555 1154 3617 meliorem
1177 3557 1270 3618 luisse
1294 3555 1403 3636 locum,
1428 3560 1453 3617 si

283 3656 405 3717 artiilcia
431 3673 549 3734 quoque
569 3653 747 3715 utensilibus
770 3653 828 3715 illis
852 3655 926 3716 laeta
947 3656 1065 3731 copiose
1085 3663 1260 3715 narraturus
1279 3662 1309 3713 et
1327 3651 1453 3715 illustra-

283 3763 369 3814 turus
396 3754 453 3814 iuit
483 3759 582 3832 poeta3
612 3769 671 3831 quo
699 3751 826 3831 accedit,
856 3751 935 3830 quod
965 3750 1108 3830 particula
1136 3746 1178 3830 δή
1206 3768 1310 3812 versus
1333 3750 1368 3809 Σ
1388 3746 1453 3810 609

283 3841 389 3931 αὐτὰρ
414 3845 482 3912 ἐπεὶ
507 3841 785 3928 disserentem
809 3843 892 3929 μέγα
915 3869 948 3909 τε
973 3841 1134 3929 στιβαρόν
1156 3867 1190 3909 τε
1217 3847 1380 3926 longiorem
1403 3847 1453 3908 de-

283 3949 473 4026 scriptionem
490 3949 569 4008 scuti
583 3949 777 4008 antecessisse
793 3964 917 4024 arguere
932 3946 1057 4006 videtur.
1090 3944 1161 4006 lnde
1176 3963 1231 4024 ego
1247 3947 1309 4006 veri
1327 3945 1454 4007 similius

283 4062 348 4104 esse
381 4046 479 4107 iudico
509 4043 735 4107 ilumeridarum
769 4043 909 4124 aliquem,
940 4061 955 4104 a
984 4050 1083 4104 vetere
1111 4061 1200 4104 versu
1229 4043 1263 4102 Σ
1292 4041 1353 4104 142
1387 4061 1452 4123 pro·

284 4142 407 4223 lectum,
430 4161 489 4223 quo
508 4141 612 4204 Thetis
631 4162 647 4203 a
667 4141 796 4202 Vulcano
815 4160 895 4202 arma
914 4143 1074 4219 petituram
1093 4159 1125 4201 se
1144 4141 1335 4219 promiserat,
1359 4148 1453 4201 totum

284 4239 339 4299 hoc
358 4258 476 4300 carmen
497 4241 590 4302 veteri
613 4239 696 4302 lliadi
715 4241 877 4302 inseruisse
897 4238 1083 4319 eundemque
1104 4255 1206 4298 versus
1230 4239 1259 4298 T
1273 4236 1303 4299 3.
1330 4239 1361 4298 Φ
1382 4235 1452 4300 165.

284 4331 357 4397 592.
381 4335 452 4398 594.
482 4338 514 4398 Χ
534 4335 599 4399 316
627 4337 829 4417 interpolasse.
875 4336 1015 4399 Oratione
1039 4354 1110 4397 vero
1137 4345 1167 4396 et
1191 4335 1326 4397 versibus
1350 4343 1453 4398 auctor

285 4432 373 4493 huius
393 4433 585 4496 additamenti
604 4437 804 4498 venustissimi
824 4453 911 4514 saepe
930 4433 1091 4514 odysseam
1115 4435 1261 4514 imitatur,
1284 4433 1362 4494 unde
1384 4452 1454 4494 eum
