3280 5104
754 365 995 429 -176—

292 519 976 613 θυρῶν,ἈτρείδαοἈτρείδεωἈτρείδον,
1000 526 1176 608 μενοίνεον
1200 529 1244 588 Μ
1261 525 1321 609 59,
1344 521 1465 608 ἤντεον

293 628 328 689 H
350 625 426 706 423,
451 618 613 707 ὁμόκλεον
638 625 667 686 0
690 621 771 704 658,
795 646 821 705 φ
844 621 926 704 360,
954 623 1034 704 367,
1062 618 1222 705 ποιέομαι
1246 645 1272 687 ω
1298 624 1333 705 7,
1356 620 1464 708 φοιτέ-

293 745 387 797 οντες
400 717 623 806 ἐμηχανὲοντο
639 715 745 804 ὁρέων
760 717 840 804 (vide
854 720 980 784 Bredow
999 724 1035 784 de
1059 723 1126 786 dial.
1146 723 1253 785 Herod.
1273 743 1301 803 p.
1317 717 1397 808 382)
1418 745 1464 786 vo-

293 822 364 884 calis
388 843 417 901 α,
441 823 614 901 priusquam
648 827 791 899 sequente
819 821 912 882 vocali
944 821 1130 903 hauriretur,
1162 840 1221 882 non
1254 820 1339 882 alteri
1372 822 1465 894 vocali

292 918 465 999 assimilata,
493 919 545 979 scd
569 920 599 980 in
623 921 790 979 tenuiorem
820 917 949 980 vocalem
981 940 996 980 ε
1023 927 1134 981 mutata
1163 927 1222 1000 est,
1250 919 1357 981 deinde
1385 919 1463 999 quod

293 1021 460 1096 priscarum
483 1018 645 1076 formarum
676 1006 789 1098 ὁράεις
818 1007 912 1098 ὁράει
945 1009 1061 1098 ὁράειν
1089 1020 1181 1098 magis
1209 1018 1315 1078 exilem
1343 1017 1465 1079 alteram

293 1114 421 1175 vocalem
450 1133 466 1174 ε
488 1113 581 1174 vocali
600 1113 685 1192 plena
706 1134 726 1173 α
741 1113 876 1175 haustam
891 1106 1015 1199 (ὁραῖς)
1030 1135 1119 1195 quam
1133 1114 1177 1176 illi
1192 1114 1381 1177 assimilatam
1398 1134 1464 1176 csse

293 1221 507 1293 exspectamus.
554 1212 649 1290 Atque
673 1211 773 1289 priore
803 1214 915 1273 ratione
939 1215 1077 1293 equidem
1102 1232 1161 1274 non
1185 1231 1363 1292 magnopere
1386 1233 1465 1274 com-

294 1330 429 1392 moveor3
453 1328 507 1370 cur
531 1310 610 1368 enim
634 1309 707 1369 duas
731 1312 792 1370 vias
812 1311 926 1372 vocales
946 1311 1141 1372 contrahendi
1163 1311 1294 1390 linguam
1313 1313 1415 1372 iniisse
1435 1321 1465 1372 et

293 1411 348 1472 hac
372 1426 491 1488 quoque
519 1425 551 1467 re
580 1409 777 1469 recentiorem
806 1408 910 1470 lounm
939 1409 1098 1471 dialectum
1129 1409 1165 1470 ab
1197 1409 1307 1471 aeolica
1339 1409 1465 1470 dialecto

293 1503 484 1569 abhorruisse
516 1501 680 1582 negamus?
713 1505 763 1566 sed
797 1506 888 1567 altera
921 1507 1080 1569 difficultas
1110 1525 1170 1568 uon
1203 1507 1288 1568 video
1317 1509 1465 1587 quomodo

247 1605 267 1684 j
294 1607 402 1667 elevari
417 1605 520 1683 possit
545 1602 622 1674 Quin
638 1605 726 1663 ctiam
736 1605 891 1686 genuinae,
905 1605 984 1666 unde
993 1604 1059 1666 illac
1069 1614 1151 1667 ortae
1159 1611 1238 1685 sunt,
1253 1605 1362 1666 formas
1373 1596 1465 1685 ὁράω

295 1697 407 1788 ὁράεις
430 1692 523 1784 ὁράει
550 1691 667 1782 ὁράειν
689 1709 722 1762 ut
744 1707 945 1784 restituamus,
964 1705 1098 1783 ipsorum
1121 1702 1266 1763 librorum
1290 1702 1468 1765 lectionibus

293 1794 450 1886 κραδάων
474 1799 510 1860 Η
536 1796 611 1859 213.
644 1800 682 1859 Ν
705 1796 780 1862 583.
812 1803 841 1862 Y
864 1799 940 1863 423.
969 1819 987 1860 τ
1014 1799 1096 1879 438,
1129 1793 1320 1863 ναιετάουσι
1350 1801 1383 1860 Δ
1411 1797 1466 1879 25,

292 1891 503 1970 retrudentes
527 1897 553 1957 Z
577 1893 651 1958 370.
674 1894 755 1977 497,
784 1894 1007 1960 ναιεταόντων
1035 1898 1056 1978 β
1088 1894 1163 1959 400.
1187 1917 1206 1959 τ
1228 1893 1280 1959 30.
1296 1941 1303 1956 .
1319 1941 1351 1976 .,
1375 1917 1465 1958 ναιε-

292 1992 360 2060 τάω
385 2018 397 2057 ι
420 1993 474 2074 21,
497 1987 657 2056 εἰσελάων
679 2015 700 2055 κ
723 1993 776 2074 83,
798 1991 1026 2076 τηλεθάοντας
1044 1997 1081 2057 Π
1093 1994 1166 2058 367.
1191 1997 1225 2057 Χ
1238 1995 1316 2077 423,
1340 1989 1467 2077 στιχάει

294 2098 322 2158 0
355 2091 430 2171 635,
467 2084 616 2154 πεινάων
653 2092 685 2153 Γ
717 2089 769 2154 25.
807 2096 841 2156 Σ
877 2093 949 2156 162.
987 2096 1022 2155 Π
1059 2091 1134 2172 758,
1172 2086 1305 2169 διψάων
1342 2095 1361 2154 λ
1398 2091 1464 2156 584

294 2213 348 2255 nos
372 2191 479 2252 adduci
502 2189 645 2251 ridemur.
687 2187 795 2252 Verum
820 2195 899 2253 enim
922 2211 993 2254 vero
1017 2191 1131 2252 facilior
1153 2191 1209 2252 luit
1233 2190 1468 2270 Wackernagclii

293 2291 478 2371 grammatici
501 2288 652 2367 provincia
677 2305 765 2367 quam
789 2308 855 2352 mea
882 2291 1020 2371 editoris;
1049 2307 1116 2350 nam
1145 2291 1171 2349 si
1207 2296 1321 2351 textum
1345 2288 1466 2350 Homeri

294 2389 401 2451 edendi
425 2404 526 2448 curam
547 2384 599 2450 ille
624 2387 818 2469 suscepisset,
847 2407 906 2450 non
936 2397 981 2449 tot
1009 2395 1163 2467 tantasque
1188 2387 1291 2448 turbas
1314 2396 1467 2448 moturum

293 2506 361 2549 enm
395 2487 486 2548 luisse
518 2482 705 2544 crediderim.
746 2484 892 2564 Equidem
925 2488 955 2547 in
984 2489 1075 2548 tantis
1107 2504 1208 2546 rerum
1241 2488 1387 2565 angustiis
1424 2487 1468 2546 sic

293 2587 356 2648 lere
398 2591 510 2645 statuo:
551 2583 681 2660 primum
719 2583 828 2644 formas
866 2574 955 2664 ὁρόω
998 2574 1143 2665 ὁρόοντα
1176 2573 1301 2662 ὁρόωσι
1332 2574 1466 2664 ὁρόωσα

294 2675 451 2764 ὁρόονται
488 2699 522 2740 ea
555 2697 644 2759 quam
682 2678 818 2760 lleperus
855 2681 1012 2761 explicavit
1047 2683 1093 2742 via
1125 2699 1162 2740 ex
1194 2669 1286 2762 ὁρόω
1319 2671 1467 2762 ὁράοντα

295 2771 445 2862 ὁράονσα
469 2769 627 2858 ὁράονται
650 2785 821 2856 procreatas
845 2797 924 2856 csse,
948 2780 1016 2842 dein
1041 2799 1109 2840 curn
1133 2768 1223 2860 ὁρόω
1247 2787 1278 2839 et
1300 2769 1411 2861 ὁρόων
1430 2797 1466 2840 ex

251 2941 253 2946 ,
294 2869 363 2960 ὁρῶ
387 2885 418 2938 et
442 2866 532 2956 ὁρῶν
555 2893 648 2954 acque
672 2883 761 2955 atque
785 2875 896 2939 ἔειπον
919 2896 955 2939 ex
980 2869 1087 2958 εἰπον,
1112 2871 1186 2957 ἕηκε
1210 2895 1245 2936 ex
1270 2861 1339 2956 ἧκε,
1364 2870 1467 2940 ἐεισά-

293 2995 394 3056 μενος
429 2993 465 3034 cx
498 2965 674 3053 εἰσάμενος
706 2973 902 3053 productione
935 2974 1038 3056 longae
1071 2973 1179 3035 vocalis
1212 2972 1258 3034 vel
1291 2975 1465 3054 diphthongi

293 3082 356 3134 orta
381 3091 446 3133 esse
470 3069 542 3132 salso
566 3070 624 3132 sibi
642 3073 870 3153 persuasissent,
893 3073 930 3134 ad
949 3091 1052 3134 corum
1070 3071 1232 3152 analogiam
1252 3075 1340 3132 etiam
1360 3060 1465 3156 ὁράᾳς

295 3162 382 3254 ὁράρι
409 3159 518 3250 ὁράαν
546 3161 733 3249 μητιάασθε
760 3163 934 3250 μνάασθαι
962 3163 1054 3251 φόως
1081 3169 1140 3251 ἔην
1162 3161 1230 3250 ἤην
1253 3170 1352 3232 dicere
1377 3189 1466 3232 ausos

294 3288 368 3330 csse.
415 3267 490 3328 lllud
522 3286 591 3328 vcro
624 3266 832 3329 difficillimum
864 3276 911 3329 est
943 3268 978 3330 ad
1009 3268 1223 3351 deliniendum,
1256 3288 1314 3348 quo
1347 3268 1466 3330 tandem

294 3378 427 3446 tempore
452 3366 549 3426 locius
572 3364 617 3427 illi
641 3366 729 3428 falsae
748 3365 897 3445 analogiae
916 3367 978 3427 nati
997 3373 1026 3426 et
1044 3369 1198 3446 propagati
1217 3384 1282 3426 esse
1302 3366 1467 3428 videantur.

293 3463 449 3545 Eqrridem,
486 3465 512 3523 si
547 3466 578 3523 in
610 3482 643 3524 re
675 3466 789 3525 ineerta
826 3468 1027 3526 coniecturam
1064 3466 1161 3525 lacere
1198 3463 1277 3544 licet,
1314 3473 1465 3525 auctorem

293 3563 568 3642 antiquissimorum
619 3560 717 3622 lliadis
771 3565 934 3623 carminum
977 3551 1015 3623 δο
1057 3552 1214 3644 Ιἠτιόοντό
1256 3555 1466 3642 εἰσορόοντες

292 3651 437 3742 ἡβώοιμι
462 3649 552 3738 ὁρόω
575 3650 787 3740 καγχαλόωσι
806 3652 939 3738 γοόωσα
958 3654 1043 3740 φόος
1061 3651 1188 3738 φόοσδε
1208 3653 1321 3739 ἰδέμεν
1344 3659 1464 3740 dixisse,

295 3758 347 3818 sed
372 3756 522 3837 aliquanto
546 3764 614 3817 ante
634 3756 781 3817 Pisistrati
799 3764 925 3818 aetatem
944 3756 1108 3837 rhapsodos
1127 3775 1243 3818 necnon
1262 3757 1464 3817 recentiorum

293 3857 457 3917 carminum
486 3861 623 3915 auctores
652 3857 746 3934 ipsae,
773 3873 842 3915 cum
871 3871 1008 3916 sonoram
1036 3854 1266 3916 modulationem
1295 3856 1389 3934 magis
1412 3853 1464 3914 lto·

292 3952 424 4014 minibus
460 3951 578 4030 placere
617 3951 759 4012 vidissent
791 3952 918 4013 necdum
951 3953 1072 4032 scriptis
1104 3952 1211 4014 litteris
1243 3960 1464 4032 coercerentur,

293 4069 417 4112 canoras
453 4048 518 4110 illas
555 4051 646 4111 trium
685 4057 714 4111 et
751 4058 879 4129 quatuor
916 4067 1065 4112 morarum
1103 4052 1211 4111 lormas
1243 4045 1465 4131 εἰσορόωντας

292 4143 445 4229 βοόωντα
468 4140 556 4230 βοάᾳ
580 4139 659 4231 ἐάᾳς
681 4139 809 4228 περάαν
832 4140 1006 4228 μνάασθαι
1030 4143 1132 4210 ἰδέειν
1156 4142 1283 4210 ἀάατον
1302 4138 1464 4229 ἀάσχετον

293 4238 489 4319 ὑπνώοντας
511 4243 652 4325 paulatim
671 4247 819 4307 invexisse
838 4246 946 4307 iudico.
982 4246 1015 4307 ln
1034 4254 1117 4307 textu
1137 4254 1237 4307 autem
1256 4244 1463 4305 constituendo

292 4364 309 4406 a
340 4343 475 4406 codicum
508 4342 566 4404 lide
599 4344 661 4404 lere
689 4343 763 4404 nihil
791 4339 927 4426 discessi,
961 4347 1017 4406 nisi
1046 4343 1125 4423 quod
1153 4343 1289 4404 codicum
1326 4349 1463 4423 portenta

294 4436 460 4520 δηιόωντο
485 4441 522 4500 Ν
542 4437 607 4502 675
631 4448 661 4502 et
684 4436 866 4523 δηιόωντες
888 4443 919 4503 Λ
944 4438 1017 4523 153,
1040 4434 1266 4523 ἐστρατόωντο
1290 4439 1323 4502 Γ
1338 4437 1411 4502 187.
1430 4441 1464 4500 Δ
