3306 5070
658 429 898 495 -185-

183 591 257 652 ibid.
283 590 305 649 V
329 590 403 654 294.
449 591 511 653 Hae
538 593 575 654 de
604 611 692 654 eausa
716 593 861 655 lli'ndorlii
887 595 1032 655 rationem
1057 593 1169 674 ubique
1193 605 1361 658 contractas

185 690 300 750 lormas
323 711 345 770 η
370 710 424 770 pro
447 710 486 752 aa
509 697 540 751 et
563 710 602 752 ev
624 710 679 770 pro
698 712 733 753 so
752 694 920 753 revocantis
941 695 1040 773 sprevi
1059 702 1089 753 et
1108 695 1283 774 contempsi,
1308 695 1360 755 sed

185 807 226 868 ne
255 797 424 850 contractas
452 789 572 868 quidem
601 790 711 850 iormas
734 789 874 850 omnibus
898 789 970 850 locis
994 789 1142 870 expellere
1166 790 1361 869 diductasque

185 905 329 947 revocare
363 905 453 948 ausus
486 905 566 968 sum,
598 891 774 966 praesertim
806 907 875 948 cum
907 889 939 946 in
971 887 1190 947 recentioribus
1227 887 1362 966 partibus

185 984 386 1046 contrahendi
418 983 534 1045 vocales
561 985 809 1046 consuetudinem
838 987 896 1044 iam
924 983 1050 1062 amplius
1077 1003 1267 1064 progressam
1296 1005 1361 1046 esse

186 1083 253 1143 veri
285 1082 380 1144 simile
412 1086 459 1144 sit.
506 1081 564 1143 Sed
600 1101 636 1142 ne
670 1101 793 1162 prorsus
826 1080 963 1144 vacillare
996 1083 1170 1161 incertoque
1203 1083 1313 1144 iudicio
1346 1103 1363 1144 a

186 1179 345 1241 codicibus
369 1180 440 1241 solis
464 1180 594 1260 pendere
619 1182 748 1261 viderer,
772 1182 847 1242 banc
871 1179 966 1260 legem
990 1180 1062 1240 milri
1087 1179 1150 1260 tuli,
1173 1189 1206 1241 ut
1229 1182 1259 1241 in
1284 1180 1360 1243 clau·

187 1278 254 1339 sula
274 1297 379 1340 versus
398 1278 533 1339 diductas
553 1279 663 1340 lormas
682 1296 840 1361 servarem,
854 1281 884 1338 in
904 1278 1001 1339 medio
1021 1295 1109 1338 versu
1128 1267 1362 1340 contractionem

186 1385 404 1456 praeoptarem.

279 1474 300 1551 ξ
327 1471 397 1536 113.
440 1475 567 1535 Cursum
586 1481 740 1555 peractum
764 1477 791 1536 si
813 1473 923 1536 ite'rum
948 1484 1046 1537 mente
1070 1477 1231 1555 permetior
1255 1485 1285 1536 et
1304 1495 1362 1555 quo

189 1583 277 1653 pacto
296 1575 426 1632 carmina
442 1573 540 1634 iliadis
559 1572 797 1652 recognoscenda
817 1576 945 1634 curarim
965 1573 1131 1654 considero,
1149 1583 1265 1635 tantum
1280 1573 1363 1635 abest

189 1679 225 1732 ut
254 1671 430 1731 temeritatis
458 1670 496 1730 ob
525 1671 688 1749 neglectam
717 1670 852 1732 codicum
881 1679 1075 1752 veterumque
1103 1675 1362 1751 grammaticorum

189 1768 280 1845 fidem
304 1787 351 1828 me
379 1771 527 1848 incusem,
554 1777 588 1829 ut
615 1785 708 1847 paene
737 1788 784 1828 me
807 1772 969 1848 poeniteat,
997 1769 1076 1849 quod
1101 1788 1159 1830 nou
1183 1769 1250 1848 plus
1274 1772 1362 1829 etiam

189 1867 300 1928 rationi
327 1865 484 1927 tribuerim
513 1875 543 1927 et
570 1869 600 1928 in
632 1865 825 1928 restituendis
853 1865 1005 1927 veteribus
1033 1866 1137 1926 lormis
1165 1886 1224 1928 non
1253 1870 1364 1928 maiore

190 1965 356 2025 constantia
386 1982 458 2024 usus
482 1965 546 2024 sim.
593 1963 728 2026 Carmina
753 1965 846 2042 euim,
869 1982 944 2042 quae
968 1981 1028 2023 non
1052 1983 1086 2024 en
1111 1966 1232 2026 scriniis
1254 1964 1364 2025 littera-

190 2073 290 2124 torum
319 2070 487 2140 poetarum,
514 2061 566 2123 sed
595 2081 631 2122 ex
659 2080 711 2122 ore
741 2063 962 2139 ingeniosorum
989 2069 1084 2122 vatum
1108 2062 1312 2140 prollurerant
1336 2073 1364 2122 et

193 2162 366 2240 priusquam
391 2158 499 2219 litteris
523 2159 748 2240 mandarentur,
772 2177 826 2238 per
849 2161 906 2219 tria
929 2158 974 2219 vel
999 2168 1139 2238 quattuor
1162 2161 1278 2220 saecula
1305 2178 1364 2220 me·

194 2259 286 2316 moria
305 2254 521 2335 rhapsodorum
540 2257 787 2338 propagabantur,
807 2257 872 2318 fieri
890 2275 949 2317 uon
964 2259 1062 2335 potuit
1076 2259 1148 2336 qtviu
1165 2257 1271 2318 multas
1287 2261 1365 2318 vices

194 2351 341 2414 subierint
369 2361 399 2414 et
427 2372 485 2414 una
514 2372 581 2415 cunr
610 2355 724 2434 vulgari
752 2373 888 2416 sermone
917 2356 1027 2414 sensim
1051 2363 1164 2415 mutato
1188 2366 1218 2417 et
1241 2358 1304 2435 ipsa
1327 2355 1364 2416 de

195 2454 321 2530 genuina
346 2453 438 2512 iorma
458 2451 641 2531 aliquantum
662 2452 851 2516 desciverint.
887 2452 1001 2523 Quodsi
1021 2450 1131 2513 lumine
1150 2455 1365 2533 comparativae

195 2551 402 2628 grammaticae
430 2548 549 2610 admoto
578 2560 608 2610 et
636 2551 709 2610 artis
736 2549 851 2630 legibus
875 2549 1013 2611 subtilius
1037 2553 1211 2612 examinatis
1235 2560 1363 2612 veterem

195 2648 318 2708 lormam
346 2649 432 2725 quasi
459 2646 495 2706 de
522 2649 626 2708 inieris
650 2649 829 2710 resuscitare
853 2657 883 2710 et
906 2651 1076 2727 aeruginem
1101 2648 1231 2710 decursu
1255 2659 1364 2727 tempo-

193 2763 260 2806 rum
297 2745 470 2805 tersissimis
503 2745 685 2808 carminibus
715 2745 873 2808 obductam
905 2765 1010 2807 rursus
1042 2748 1197 2826 detergere
1233 2749 1365 2826 contigit,

193 2845 335 2904 maiorem
369 2860 501 2922 quoque,
533 2842 675 2904 benevole
709 2843 816 2924 lector,
847 2847 879 2906 in
912 2845 968 2906 boc
999 2863 1086 2925 quam
1116 2848 1147 2906 in
1177 2845 1242 2906 aliis
1271 2829 1365 2924 poetis
1426 2831 1429 2836 ¹

193 2941 361 3002 libertatem
394 2941 552 3019 pristinum
585 2941 713 3000 nitorem
744 2943 901 3004 revocandi
932 2943 1038 3005 editori
1067 2943 1235 3005 condonare
1265 2942 1365 3004 debes.

193 3038 252 3100 Sed
282 3056 350 3100 cum
380 3046 423 3099 tot
451 3039 586 3116 tentique
610 3039 679 3118 viri,
707 3038 816 3117 quibus
841 3058 929 3119 quam
953 3045 1078 3102 maxime
1102 3059 1197 3102 meam
1220 3043 1365 3101 rationem

192 3135 314 3216 probari
342 3133 441 3215 velim,
468 3135 674 3196 Aristarchum
703 3153 790 3196 suum
819 3139 888 3199 anili
912 3139 1052 3219 quadam,
1081 3147 1114 3199 ut
1138 3138 1217 3218 quod
1241 3141 1366 3200 sentiam

192 3235 300 3312 iatear,
328 3235 540 3311 superstitione
564 3232 730 3293 exosculari
754 3253 812 3294 non
836 3236 986 3318 desinant,
1016 3255 1120 3297 vereor
1144 3255 1180 3298 ne
1204 3239 1262 3296 iam
1286 3239 1366 3297 iusto

193 3331 336 3394 arrdaciue
359 3333 390 3391 in
413 3339 497 3391 textu
522 3330 705 3390 recensendo
729 3341 880 3409 grassatus
903 3353 968 3394 esse
993 3334 1143 3395 nonnullis
1163 3335 1270 3395 videar.
1308 3334 1365 3406 Oui

194 3433 221 3493 si
240 3437 353 3490 textum
372 3431 538 3490 carminum
557 3427 726 3489 evolventes
741 3427 883 3490 librorum
899 3430 1032 3491 ordinem
1048 3439 1203 3510 mutatum,
1222 3433 1365 3510 digamma

194 3531 381 3609 restitutum,
413 3531 646 3590 contractionem
680 3527 823 3590 vocalium
855 3526 1013 3608 sublatam,
1046 3528 1174 3609 denique
1205 3529 1367 3589 Aristarchi

195 3634 352 3708 praecepta
377 3644 436 3686 non
461 3628 554 3704 magis
578 3626 731 3688 observata
751 3643 838 3704 quam
859 3633 958 3703 spreta
978 3635 1008 3686 et
1026 3635 1194 3704 contempta
1214 3625 1365 3704 indignan-

195 3733 260 3805 tur,
287 3723 399 3804 legant,
427 3726 602 3804 priusquam
631 3723 739 3785 librum
768 3722 1013 3784 stomachabuudi
1035 3723 1177 3802 abiciant,
1205 3723 1278 3784 baec
1302 3743 1366 3784 mea

196 3821 417 3902 prolegomena,
454 3831 488 3882 ut
521 3840 609 3902 quam
642 3829 728 3883 caute
760 3829 791 3880 et
823 3822 1039 3900 circumspecte
1072 3823 1103 3880 in
1137 3820 1242 3880 tradita
1274 3822 1367 3880 lornra

194 3919 402 3980 commutanda
437 3927 571 3980 versatus
604 3921 660 3980 sim
693 3927 875 3998 cognoscant
907 3937 1004 3998 neque
1033 3937 1079 3979 me
1107 3917 1248 3978 damnent
1278 3937 1365 3978 causa

195 4015 336 4077 inaudita.
