3276 5090
667 1259 906 1335 Praefatio

284 1565 426 1644 Principii
451 1567 507 1624 tria
527 1583 650 1624 munera
674 1581 739 1624 esse
764 1563 871 1623 docent
894 1565 1057 1642 scriptores
1081 1566 1198 1644 artium,
1223 1573 1256 1625 ut
1275 1572 1368 1625 atten-

195 1673 240 1722 tos
264 1662 376 1723 dociles
400 1661 559 1722 benevolos
583 1664 696 1721 animos
719 1660 872 1721 hominum
893 1661 988 1721 laciat.
1027 1663 1259 1742 attentumque
1283 1669 1370 1742 pacto

194 1760 336 1820 lectorem
356 1761 453 1820 lacere
476 1761 587 1838 possim
612 1777 675 1818 mea
698 1776 780 1837 cura,
803 1759 830 1818 si
852 1776 911 1818 non
935 1767 1039 1835 captus
1063 1768 1200 1821 teneatur
1224 1764 1289 1840 ipso
1313 1759 1370 1820 llo-

194 1860 269 1917 meri
303 1859 422 1917 nomine
456 1865 486 1918 et
513 1873 628 1918 summa
652 1863 806 1916 venustate
830 1859 982 1935 poematis,
1016 1874 1075 1934 quo
1104 1876 1201 1936 neque
1235 1857 1369 1917 homines

197 1954 334 2015 liberales
357 1954 498 2014 delectari
523 1973 620 2033 neque
640 1953 855 2033 philologorum
875 1953 971 2012 studia
992 1952 1029 2013 ali
1049 1957 1218 2033 nutririque
1238 1971 1369 2032 unquam

199 2047 357 2110 desinent?
417 2049 548 2111 Ducendi
580 2060 678 2111 erstem
710 2067 832 2110 munere
864 2051 916 2110 hic
954 2051 1151 2129 supersedere
1188 2051 1260 2112 milti
1291 2051 1370 2132 licet,

196 2147 435 2226 quandoquidem
460 2148 536 2208 hanc
559 2158 674 2227 partem
693 2150 724 2207 in
743 2147 961 2226 prolegomenis
984 2146 1071 2226 plene
1096 2148 1232 2228 exhausi,
1255 2150 1285 2207 in
1306 2151 1369 2226 qui·

199 2243 254 2304 bras
287 2244 358 2323 quid
392 2245 509 2306 consilii
536 2248 567 2306 in
601 2244 654 2304 hac
684 2244 812 2304 editione
842 2242 1009 2304 adornanda
1038 2252 1160 2304 secutus
1189 2247 1259 2325 sim,
1297 2245 1368 2323 quid

200 2340 385 2420 quadruplici
415 2345 581 2421 scripturae
611 2359 721 2419 genere
756 2341 995 2419 significaverim,
1026 2340 1134 2420 quibus
1168 2339 1308 2402 subsidiis
1338 2343 1369 2401 in

198 2449 260 2498 arte
285 2439 388 2498 critica
419 2440 576 2500 lectitanda
601 2457 673 2500 usus
697 2442 762 2518 sim,
786 2437 943 2518 diligenter
976 2440 1142 2516 expositum
1172 2446 1225 2497 est.
1271 2436 1369 2497 Unum

198 2541 288 2618 igitur
311 2539 460 2618 reliquum
485 2547 546 2616 est,
574 2548 607 2598 nt
629 2546 724 2617 tuam,
757 2534 880 2598 candide
909 2534 1012 2615 lector,
1036 2535 1271 2595 benevolentiam
1295 2534 1368 2594 mihi

199 2635 353 2696 conciliem
378 2653 473 2696 meam
497 2653 618 2714 operam
642 2633 696 2694 tibi
720 2632 953 2693 commendando
977 2642 1007 2694 et
1042 2631 1274 2692 mediocritatem
1310 2634 1367 2692 rnei

199 2735 307 2812 ingenii
334 2733 511 2794 excusando.
539 2731 642 2811 Neque
667 2751 713 2792 me
738 2732 822 2810 sugit,
848 2747 936 2808 quarn
961 2729 1086 2790 arduum
1111 2746 1185 2807 opus
1210 2745 1369 2807 aggressus

193 2831 265 2908 sim,
293 2829 372 2908 quod
402 2829 587 2908 praeclarum
612 2829 778 2908 exemplum
802 2827 849 2886 Fr.
873 2828 947 2904 Aug,
973 2825 1071 2886 Wotnt
1102 2825 1266 2886 aemulatus
1294 2826 1367 2887 duas

195 2919 363 3005 provincias
387 2945 446 2986 una
470 2926 717 2986 administrandas
742 2927 874 3003 suscepi,
902 2931 988 2983 utet
1012 2923 1100 2984 rerba
1125 2923 1247 2984 Homeri
1270 2943 1369 2985 emen·

195 3022 296 3082 darem
326 3041 489 3103 versusque
519 3023 698 3103 perpolirem
730 3031 759 3082 et
789 3021 927 3082 subtilem
952 3024 1157 3100 quaestionem
1184 3022 1221 3082 de
1254 3025 1368 3100 origine

197 3118 295 3179 lliadis
327 3120 471 3181 solverem
501 3121 687 3200 solutamque
712 3122 796 3198 quasi
819 3119 913 3180 oculis
938 3119 1082 3179 lectorum
1106 3129 1369 3198 repraesentarem.

196 3215 269 3276 Nam
294 3219 346 3296 qui
369 3225 437 3297 post
460 3217 600 3278 Wollium
624 3217 745 3278 llomeri
770 3217 877 3278 edendi
901 3225 931 3277 et
954 3216 1188 3296 recognoscendi
1211 3234 1313 3276 curam
1338 3218 1370 3276 in

197 3333 228 3374 se
268 3321 460 3393 receperunt,
496 3332 532 3375 ex
565 3317 602 3374 iis
640 3313 814 3393 Spitznerus
847 3313 1000 3374 Bellerus
1028 3313 1192 3375 Larochius
1219 3313 1370 3374 Nauckius

72 3413 87 3484 ἴ
197 3411 338 3472 subsidiis
362 3411 474 3472 criticis
498 3411 637 3491 parandis
661 3420 692 3472 et
724 3415 861 3492 genuinis
894 3413 997 3472 lormis
1025 3411 1183 3472 verborum
1212 3415 1370 3474 restituen-

70 3494 92 3531 ''
196 3510 242 3570 dis
265 3505 337 3570 solis
361 3525 445 3569 suam
474 3510 652 3570 industriam
677 3511 843 3589 mentisque
868 3511 961 3570 aciem
986 3510 1187 3591 adverterunt,
1211 3509 1370 3571 Koechlius

64 3618 94 3678 ἢ
197 3619 227 3668 et
254 3605 456 3667 llirchhollius
489 3607 561 3667 adeo
597 3610 627 3667 in
657 3607 896 3667 discriminandis
927 3610 1015 3668 variis
1047 3607 1183 3688 partibus
1211 3607 1309 3667 lliadis
1341 3617 1371 3666 et

196 3705 344 3784 Odysseae
369 3711 458 3783 atque
482 3704 712 3784 redintegrando
736 3713 835 3764 vetere
859 3703 987 3764 llomero
1018 3704 1218 3784 desudarunt,
1247 3713 1280 3765 ut
1307 3721 1371 3762 rer·
1472 3729 1476 3736 ·

196 3801 302 3862 borum
326 3801 563 3862 emendationem
587 3804 649 3863 lere
673 3801 746 3862 nihil
772 3810 919 3861 curarent.
962 3801 1106 3880 Equidem
1131 3821 1198 3863 cum
1223 3805 1280 3862 iam
1303 3801 1370 3878 plus

197 3903 328 3978 quinque
361 3898 465 3959 lustris
502 3905 532 3958 et
568 3902 706 3978 genuinis
738 3897 898 3960 verborum
932 3899 1034 3960 lormis
1067 3919 1122 3981 ope
1156 3902 1373 3980 comparativae

195 3997 404 4076 grammaticae
433 3996 626 4056 restituendis
651 4014 771 4076 operam
800 4013 953 4054 navassem
982 4005 1012 4056 et
1041 3996 1158 4059 laudem
1182 4000 1374 4077 gravissimae

141 4129 145 4138 ·
197 4095 378 4173 quaestionis
407 4093 444 4152 de
472 4094 588 4170 origine
617 4092 791 4154 Homericae
824 4093 922 4171 poesis
952 4092 1107 4156 solvendae
1137 4113 1252 4155 summo
1281 4099 1371 4156 animi

199 4190 305 4249 ardore
329 4191 534 4268 appetiissem,
567 4208 601 4248 eo
625 4194 718 4269 magis
746 4193 777 4250 in
799 4189 854 4250 hac
879 4188 1009 4250 editione
1037 4191 1096 4251 duo
1124 4191 1220 4252 officia
1248 4193 1376 4254 editoris

141 4293 144 4298 “
195 4283 350 4364 coniunxi,
374 4286 453 4364 quod
478 4286 605 4346 alterum
628 4286 665 4347 ab
688 4287 780 4348 altero
805 4287 882 4347 haurd
908 4305 975 4346 raro
998 4287 1129 4365 pendere
1153 4289 1374 4370 intellegebam,

195 4381 292 4443 Veluti
317 4400 392 4461 quae
417 4382 504 4443 rerba
525 4386 708 4460 grammatici
728 4403 796 4445 cum
815 4383 864 4443 alii
884 4393 945 4443 tum
966 4383 1117 4445 Nauckius
1136 4386 1373 4450 sollicitaverunt

195 4473 309 4558 λόγοις
332 4479 362 4538 Ρ
377 4475 441 4539 393
465 4489 496 4539 et
518 4500 539 4539 α
563 4477 616 4557 56,
627 4473 734 4542 Ἴλιον
757 4473 839 4543 αἰπύ
861 4480 965 4556 071,
988 4473 1049 4544 τὸν
1068 4481 1171 4545 παῖδα
1195 4485 1225 4545 Τ
1239 4482 1314 4565 331,
1337 4505 1371 4546 ea

673 4707 675 4712 ’
697 4695 971 4816 358407
