3280 5104
655 305 970 368 ,-136-

307 468 387 550 δᾶερ
425 467 515 550 ἐμεῖο
548 463 651 541 κυνός
681 459 915 548 κακομηχάνου
948 457 1199 546 (κακομηχάνου
1230 457 1299 547 ὀκρ.
1332 460 1432 548 υυδδ.)

474 561 657 647 κρυυέσσης
682 561 723 647 (Ζ
748 557 842 646 344)·

307 655 344 737 ὃς
371 657 519 743 πολέμου
548 662 660 745 ἔραται
690 659 863 741 ἐπιδημίου
888 655 1081 744 (ἐπιδημίου
1103 681 1152 744 κρ.
1176 656 1276 743 codd.)
1299 653 1434 742 κρυόεν-

475 781 532 834 τος
555 757 591 841 (Ι
611 755 683 842 64)-

308 857 400 941 δόρυ
427 849 505 940 παρ’
536 852 662 920 Αἰόλου
687 849 831 939 (Αἰόλον
858 855 958 938 codd.)
986 851 1211 938 μεγαλήτορος
1234 849 1435 919 Ἱπποτάδαο

478 951 511 1041 (κ
535 954 587 1018 36.
611 954 663 1016 60.
687 976 709 1037 μ
733 950 822 1038 493).

263 1055 353 1133 'lalpa
381 1056 460 1116 euim
488 1057 605 1116 caecior
633 1061 725 1134 esset,
753 1055 805 1132 qui
833 1072 901 1114 cum
930 1055 986 1113 riri
1014 1053 1172 1114 clarissimi
1199 1055 1293 1115 lacem
1316 1061 1435 1132 praetu-

263 1155 376 1234 lissent,
399 1172 470 1214 casu
494 1155 604 1214 lactum
628 1169 695 1212 esse
718 1153 900 1232 opinaretur,
925 1161 957 1212 ut
980 1151 1047 1230 plus
1068 1153 1171 1230 viginti
1191 1150 1327 1212 versibus
1347 1153 1451 1211 resti.

265 1259 328 1311 tuta
366 1259 465 1312 vetere
502 1250 551 1311 illa
588 1251 682 1310 lorma
718 1266 911 1311 numerorum
949 1256 979 1309 ot
1011 1252 1154 1310 orationis
1186 1251 1256 1310 vitia
1289 1251 1436 1310 removeri

266 1331 395 1426 possent.
406 1343 429 1430 ¹)
474 1349 578 1427 Neque
606 1346 732 1408 multum
760 1355 892 1408 mutatur
921 1348 1027 1408 horum
1056 1351 1261 1427 genetirorurn
1285 1365 1387 1428 causa,
1410 1349 1437 1407 si

266 1463 334 1506 cum
353 1444 493 1526 Hartelio,
516 1445 601 1506 llom.
621 1445 703 1506 Stud.
728 1443 767 1504 lll
793 1443 842 1526 19,
866 1444 982 1524 plenam
1006 1448 1135 1524 genetivi
1159 1447 1283 1506 formam
1307 1464 1359 1504 οιυ
1379 1443 1438 1504 illis

266 1542 338 1602 locis
361 1545 501 1604 restituas
529 1545 653 1623 eiusque
681 1544 811 1622 priorem
842 1542 980 1622 syllabam
1015 1543 1151 1604 similiter
1183 1552 1272 1623 atque
1305 1544 1334 1602 in
1368 1532 1435 1602 old'

266 1629 389 1721 άρετήν
422 1628 494 1713 οἷός
527 1637 599 1703 ἐσσι
629 1642 665 1702 Ν
690 1637 755 1702 275
785 1640 829 1700 vel
856 1647 946 1713 τοῖος
974 1631 1038 1702 ἐάν
1067 1626 1138 1712 υἷος
1167 1633 1209 1702 οὔ
1236 1660 1285 1712 τις
1312 1641 1347 1701 Σ
1377 1635 1438 1700 105

266 1741 378 1818 corripi
397 1739 496 1800 ducas.
533 1739 605 1799 Nam
624 1747 728 1818 poetae
743 1747 837 1799 artem
852 1741 882 1799 iu
896 1738 943 1797 his
959 1755 1077 1816 quoque
1092 1736 1182 1798 rebus
1197 1740 1438 1816 pronuntiatione

267 1835 346 1914 vulgi
370 1837 499 1898 adiutam
523 1855 589 1898 esse
607 1839 671 1917 ipse
691 1835 841 1897 llartelius
864 1836 980 1915 docuit,
1006 1854 1063 1914 qua
1087 1835 1123 1895 de
1147 1855 1248 1918 cansa,
1273 1838 1298 1897 si
1318 1835 1439 1896 llomeri

267 1941 361 1994 aetate
385 1934 562 2015 Smyrnaeus
585 1937 720 2015 getretivo
745 1955 796 1996 υιυ
821 1936 865 1995 uti
893 1934 1024 1994 nondum
1052 1950 1176 2010 prorsus
1204 1934 1329 1995 desiisse
1358 1941 1439 1993 recte

268 2033 434 2114 statuimus,
459 2034 530 2113 quid
554 2041 600 2094 est
623 2051 737 2113 causae,
761 2051 815 2093 cur
839 2050 898 2092 non
917 2031 1078 2091 llomerum
1102 2050 1138 2092 er
1162 2031 1324 2093 eorundem
1347 2031 1440 2091 homi·

270 2147 339 2188 uum
368 2148 420 2189 ore
453 2131 579 2192 mediam
612 2149 730 2210 quoque
757 2128 836 2190 illam
869 2129 1006 2211 formam,
1039 2148 1074 2190 ex
1103 2149 1160 2208 qua
1193 2129 1342 2208 vulgarem
1373 2149 1441 2190 con·

270 2228 415 2288 tractione
437 2237 536 2290 natam
556 2215 625 2290 'esse
649 2236 779 2308 constat,
807 2229 959 2306 excepisse
982 2224 1144 2306 putemus?
1193 2227 1320 2287 Tantum
1349 2229 1441 2306 igitur

269 2324 365 2406 abest,
399 2334 432 2386 ut
459 2329 621 2389 inveterata
648 2327 785 2387 codicum
813 2325 919 2386 menda
946 2324 1102 2385 delendam
1133 2333 1183 2385 not
1213 2327 1365 2402 genetivus
1389 2325 1441 2386 υἴυ

269 2423 369 2501 potios
393 2441 481 2502 quam
504 2445 543 2486 oo
567 2424 768 2486 restituendos
791 2441 857 2483 esse
877 2441 1022 2504 censeam,
1047 2432 1080 2484 ut
1098 2425 1186 2483 etiarn
1210 2422 1274 2482 aliis
1298 2432 1327 2483 et
1351 2421 1442 2502 pluri-

270 2519 325 2580 bus
349 2521 422 2582 locis
445 2540 638 2584 numerorum
662 2513 793 2583 salebras
808 2540 823 2582 a
841 2519 957 2581 ratibus
976 2528 1007 2581 et
1023 2520 1178 2599 rhapsodis
1198 2521 1328 2599 antiquis
1346 2521 1441 2581 media

269 2619 325 2679 ista
349 2620 441 2680 lorma
465 2621 632 2682 sublevatas
656 2639 721 2680 esse
745 2621 888 2696 suspicer.
934 2617 1042 2678 Verum
1067 2635 1104 2678 ne
1128 2619 1304 2679 temeritatis
1328 2621 1440 2679 crimen

268 2719 468 2796 incurrerem,
498 2719 530 2778 in
560 2718 748 2778 adnotatione
771 2716 947 2777 medicinam
978 2715 1168 2794 suppeditare
1192 2735 1280 2795 quam
1304 2718 1335 2777 iu
1359 2724 1441 2777 textu

270 2813 423 2874 emendate
447 2813 580 2874 scribere
603 2813 705 2895 malui,
728 2811 809 2874 velot

315 2901 356 2971 ὃν
381 2902 412 2971 δ’
434 2897 478 2972 αὖ
497 2903 604 2991 δήμοό
623 2902 653 2971 τ’
674 2903 783 2992 ἄνδρα
801 2909 892 2972 ridor
911 2903 1065 2990 dodonaei
1083 2900 1113 2971 τ’
1135 2903 1272 2993 ἐφεύροι
1291 2905 1334 2992 (Β
1356 2905 1443 2992 198)-

316 3006 385 3089 γνῶ
410 3001 447 3070 δέ
469 3001 593 3088 κλήρου
617 3005 705 3089 σῆμα
727 3002 845 3087 dedolat,
869 3001 999 3087 γήθησε
1019 3001 1060 3070 ’δὲ
1082 3007 1182 3094 θυμῷ
1206 3004 1259 3090 (Η
1279 3003 1372 3090 189)-

314 3092 375 3186 ήεν
398 3097 605 3186 άνήνασθαι,
630 3097 752 3187 χαλεπὴ
777 3097 810 3166 δ’
837 3103 889 3186 ἔχε
913 3099 1020 3186 δήμου
1044 3104 1149 3186 φῆμις
1171 3101 1203 3189 (ξ
1227 3101 1322 3188 239)-

313 3194 492 3284 Ἀτρεΐδης·
514 3195 560 3264 τά
584 3194 615 3265 δ’
641 3189 713 3264 αὖτ’
740 3199 776 3265 ἐκ
799 3200 921 3285 δίφρου
945 3197 1177 3283 γουναζέσθην
1201 3198 1247 3287 (Λ
1274 3199 1360 3286 130).

272 3304 330 3364 Sed
355 3319 391 3362 ue
415 3301 532 3380 lougius
555 3304 630 3363 lines
653 3302 742 3363 huius
764 3303 893 3380 genetivi
916 3301 1050 3379 proleras
1068 3310 1107 3378 et,
1126 3301 1297 3381 ubicunqne
1317 3311 1444 3362 metrum

273 3419 331 3464 non
356 3400 461 3481 obstat,
484 3419 523 3461 oo
547 3402 646 3479 potius
670 3418 758 3479 qnam
781 3419 823 3460 ου
846 3397 1038 3460 scribendum
1061 3417 1126 3460 esse
1150 3419 1281 3480 censeas,
1304 3401 1444 3460 maiorem

273 3517 378 3560 moneo
397 3515 463 3558 csse
483 3516 640 3558 numerum
660 3515 763 3558 eorum
782 3499 986 3576 genetivorum
1002 3501 1031 3559 in
1048 3519 1099 3576 ον,
1119 3501 1179 3580 qui,
1198 3516 1266 3558 curn
1280 3499 1311 3559 iu
1326 3500 1386 3557 orsi
1400 3497 1446 3558 vel

274 3597 370 3659 ultimi
392 3595 477 3674 pedis
501 3595 578 3655 thesi
602 3605 769 3674 occurrant,
792 3595 873 3656 nullo
896 3596 983 3656 modo
1007 3594 1132 3657 convelli
1155 3597 1278 3674 possint.
1311 3594 1353 3655 Ne
1372 3595 1444 3656 illud

274 3695 407 3775 quidem,
437 3691 515 3771 quod
539 3690 703 3754 dhrensius
730 3697 948 3772 grammaticam
976 3695 1169 3754 ollcnsionem
1196 3711 1300 3754 versus
1326 3694 1358 3755 Φ
1380 3690 1447 3756 295

402 3782 483 3871 πρὶν
504 3780 586 3849 κατά
608 3780 727 3869 Ἰλιόφι
750 3782 852 3852 κλυτά
875 3783 991 3870 τεύχεα
1015 3784 1098 3852 λαὸν
1122 3784 1231 3851 ἐέλσαι

276 3892 414 3951 restituto
439 3894 555 3948 vetusto
579 3889 715 3966 genetivo
736 3880 834 3950 Ἰλίου
854 3888 1062 3949 removendam
1085 3905 1151 3948 esse
1169 3890 1296 3969 censuit,
1319 3891 1360 3950 ita
1379 3909 1446 3972 pro-

275 3989 345 4049 bare
368 4003 460 4047 ausus
483 4004 562 4065 sum,
591 3994 624 4045 ut
652 3985 790 4046 traditam
810 3985 974 4046 lectionem
1000 3976 1118 4066 Ἰλιόφι
1146 3993 1229 4046 textu
1258 3987 1446 4065 expellerem.

276 4087 371 4164 Atque
394 4086 494 4145 minus
517 4085 605 4144 etiam
629 4082 745 4144 leodem
768 4085 813 4142 vir
837 4081 1019 4144 clarissimus
1046 4101 1094 4143 me
1121 4084 1246 4163 invenit,
1275 4082 1353 4163 quod
1378 4102 1446 4162 qua-

275 4189 343 4243 tuor
361 4180 434 4242 lncis
454 4180 483 4241 Θ
501 4176 575 4243 561.
598 4179 634 4243 Κ
651 4178 700 4243 12.
725 4179 763 4242 Ν
778 4177 851 4242 349.
869 4183 896 4241 θ
914 4179 978 4244 581
999 4182 1135 4242 codicum
1154 4180 1311 4242 lectionem
1328 4172 1449 4242 Ἰλιόθι

365 4308 392 4375 1)
412 4305 505 4362 Dubia
531 4324 599 4362 vero
628 4309 672 4363 est
703 4323 788 4363 cause
814 4325 910 4363 vorem
936 4307 1059 4381 catalogi
1082 4313 1104 4364 Β
1128 4303 1360 4376 deluderentur
1384 4303 1448 4376 δάν,

277 4385 409 4456 qnoniam
428 4391 493 4442 ente
512 4385 639 4442 litteram
657 4389 763 4444 mulam
782 4403 845 4443 raro
863 4387 968 4444 vocalis
986 4387 1079 4444 brevis
1096 4387 1155 4444 vim
1173 4387 1274 4458 longae
1293 4387 1411 4444 obtinet.
