3280 5104
657 385 898 450 ..143-

189 563 263 624 quos
287 553 438 626 postremo
462 547 556 626 attuli,
579 545 653 606 locis
676 547 859 606 emendatam
885 545 1042 606 lectionem
1065 547 1096 605 in
1121 543 1360 606 adnotationibus

187 661 420 704 commemorare
462 663 550 723 quam
591 645 622 704 in
664 643 823 704 verborum
864 653 969 724 poetae
1012 651 1183 704 contextum
1225 644 1359 720 recipere

186 741 351 804 maluerim.
397 741 528 802 Primum
557 742 635 802 enim
660 741 831 821 ubicunque
855 744 1025 803 terminatio
1048 761 1098 814 οις
1121 740 1166 801 vel
1189 761 1229 822 ῃς
1251 743 1282 800 in
1302 743 1359 801 dne
1390 748 1394 756 '

186 857 291 900 versus
326 839 466 900 collocata
500 839 593 902 vocali
624 839 729 901 initiali
762 843 914 919 sequentis
942 858 1047 900 versus
1075 841 1235 918 excipitur,
1268 846 1301 898 ut
1328 839 1358 897 in

296 1025 343 1108 ε’άς
365 1027 465 1116 φάτο·
489 1031 626 1117 ῥίγησεν
654 1027 685 1096 d’
716 1027 868 1118 ὁχέρων
891 1031 1042 1098 ἐκέλευσε
1065 1027 1097 1095 d’
1123 1029 1267 1116 ἑταίροις

297 1127 420 1206 ἵππους
443 1127 660 1214 ζευγνύμεναι

185 1237 214 1288 et
243 1233 275 1290 A
301 1227 376 1292 435.
405 1233 433 1292 Β
461 1229 533 1294 363.
562 1233 593 1290 Ε
617 1228 692 1293 465.
720 1233 750 1293 0
777 1232 850 1294 487.
874 1235 896 1294 Ι
917 1232 991 1295 602.
1017 1233 1059 1293 Μ
1073 1229 1148 1293 234.
1172 1231 1209 1292 N
1228 1229 1303 1294 426.
1330 1231 1362 1290 Χ

187 1325 260 1402 117,
275 1323 340 1388 513
357 1329 480 1390 sormam
499 1321 564 1390 οισ’
586 1330 690 1390 codem
709 1332 796 1391 modo
816 1349 875 1411 quo
890 1321 973 1410 Ζῆν’
995 1333 1025 1390 1ο
1046 1331 1103 1390 οοο
1121 1347 1224 1390 versus
1239 1329 1267 1388 Θ
1283 1327 1356 1390 206.

183 1421 214 1492 Ξ
230 1423 305 1486 265.
324 1426 357 1486 Ω
371 1423 434 1488 331
456 1435 624 1489 excusatam
644 1445 709 1488 esse
728 1431 871 1510 putarim3
890 1430 944 1489 eir.
959 1428 979 1504 3
995 1427 1046 1488 69.
1084 1427 1141 1498 Qui
1155 1436 1254 1487 autem
1269 1426 1357 1487 relin-

184 1531 321 1600 quuntur
348 1524 438 1586 dativi
471 1519 536 1587 σὺν
563 1524 667 1605 νηυσί
691 1543 725 1586 τε
752 1525 814 1608 σῃ”ς
841 1530 872 1587 Α
898 1524 974 1605 179,
1006 1519 1056 1586 ἐνί
1086 1517 1243 1606 μεγάροις
1270 1542 1358 1586 ποτι-

185 1617 345 1701 δέγμεναι
368 1625 397 1684 Β
423 1621 495 1704 137,
518 1610 569 1695 οἷς
592 1615 629 1683 dl
652 1618 761 1704 γε’ρων
784 1623 816 1684 Γ
838 1621 909 1705 109,
932 1630 1052 1703 νεῖμαν
1070 1613 1220 1704 ἀρίστοις
1238 1621 1269 1683 Γ
1285 1620 1359 1703 274,

183 1727 253 1791 τοῖς
276 1711 309 1781 d’
335 1712 403 1802 ἅμα
428 1722 461 1781 K
483 1719 553 1800 196,
575 1712 598 1780 ά
621 1739 655 1780 τε
680 1717 799 1794 ξείνοις
821 1717 920 1802 θέμις
942 1717 1154 1800 investivit,
1177 1715 1214 1781 ἐν
1231 1711 1360 1800 βήσσῃς

186 1818 221 1876 Π
235 1815 309 1898 766,
328 1809 433 1898 αὐτὰρ
445 1809 588 1898 Ἀχαιοῖς
606 1815 716 1899 Ρ396,
735 1813 878 1898 πρώτοις
892 1811 998 1898 ἰάχων
1016 1814 1132 1894 7424,
1154 1806 1357 1877 ἀθανάτοισι

182 1921 279 1989 θεοῖς
304 1913 428 1996 Τ292,
452 1909 576 1996 μύθοις
600 1909 776 1996 λαβρεύεαι
803 1917 841 1975 Ψ
861 1913 939 1996 473,
963 1905 1032 1995 μετ’
1055 1907 1199 1994 Ἀχαιοίς
1225 1913 1262 1972 Ψ
1284 1909 1358 1992 649,

183 2009 234 2074 ἐνὶ
263 2009 386 2096 μέσσῃς
414 2015 447 2074 Ω
478 2014 533 2095 34,
565 2010 695 2074 ἵπποισι
722 2009 777 2074 καὶ
804 2005 959 2094 ἡμιόνοις
986 2013 1020 2072 ta
1041 2010 1122 2091 442,
1153 2005 1358 2099 πορφυρέοις

184 2108 339 2172 πέπλοισι
361 2113 395 2173 Ω
420 2110 498 2192 796,
520 2130 617 2190 neque
640 2120 771 2191 paratam
795 2111 905 2172 babent
924 2113 1143 2172 excusationem
1168 2128 1223 2168 nee
1247 2117 1357 2169 certam

126 2209 132 2216 '
183 2212 344 2272 admittunt
372 2210 619 2270 emendationem.
669 2207 846 2286 Priusquam
874 2217 972 2269 autem
1001 2225 1104 2268 omues
1132 2207 1221 2268 dativi
1249 2209 1279 2268 in
1308 2227 1358 2278 οις

184 2317 215 2368 et
236 2329 277 2391 ῃς
300 2325 335 2368 ex
356 2307 478 2368 Homeri
500 2305 684 2367 carminibus
708 2309 814 2367 remoti
838 2308 906 2387 sint,
930 2306 1189 2367 terminationibus
1212 2305 1270 2366 illis
1289 2313 1356 2365 ante

183 2405 314 2466 vocalem
338 2414 513 2485 sequentem
536 2403 709 2484 apostropbi
733 2413 831 2464 notam
855 2406 1015 2484 appingere
1039 2406 1144 2466 inutile
1168 2405 1247 2464 duxi.

271 2505 292 2580 ᾖ
316 2501 368 2566 36.
415 2505 604 2564 λοοιιεεῑίνοε
632 2502 755 2581 pluralis
779 2521 882 2563 eorum
906 2506 1072 2584 nominum,
1097 2520 1224 2582 quornm
1248 2502 1356 2579 stirpes

183 2602 276 2662 vocali
301 2601 397 2680 aliqua
422 2601 610 2681 liniebantur,
633 2603 798 2680 antiquitus
818 2601 925 2662 suillxo
944 2619 980 2661 ns
998 2601 1141 2660 formatos
1159 2617 1224 2660 esse
1244 2596 1355 2660 dudum

182 2719 218 2762 ex
251 2703 471 2780 comparatione
504 2707 695 2778 cognatarum
728 2698 894 2777 linguarum
924 2707 1110 2778 compertum
1141 2705 1195 2759 est.
1242 2695 1353 2757 Littera

182 2801 239 2859 ista
260 2798 367 2860 nasalis
386 2801 501 2877 integra
521 2807 635 2858 servata
654 2806 701 2858 est
718 2799 748 2857 in
767 2798 922 2858 titulorum
942 2801 1121 2860 ereticorum
1141 2805 1170 2857 et
1188 2797 1356 2873 argivorum

182 2898 359 2958 accusativis
390 2888 469 2970 τόνς
490 2887 744 2974 Ἶαραπυτνίονς
770 2885 893 2967 αὐτόνς
919 2889 1143 2977 πρεσχεύτανς
1170 2894 1248 2975 aliis,
1280 2910 1356 2972 qnos

181 2993 323 3055 collectos
354 2995 445 3055 babes
476 2996 507 3053 in
535 2993 589 3054 Gu.
618 2993 728 3072 Meyeri
760 3011 881 3071 gramm.
909 2993 929 3070 §
953 2992 1093 3056 361-2.
1144 2992 1355 3052 llvanescentis

183 3111 253 3153 vero
283 3093 397 3153 litterae
422 3089 529 3152 nasalis
558 3093 680 3168 vestigia
709 3088 801 3152 latent
828 3093 858 3151 in
888 3091 1031 3170 producta
1056 3091 1101 3151 vel
1129 3089 1248 3152 dilatata
1275 3097 1355 3148 ante·

181 3192 308 3251 cedente
333 3189 425 3250 vocali
448 3193 560 3270 primae
579 3201 610 3250 et
629 3189 777 3250 secundae
797 3187 1012 3271 declinationis,
1035 3198 1069 3249 ut
1088 3179 1216 3268 μοάσᾱς
1234 3178 1354 3267 στεφά-

184 3307 266 3361 νους
289 3288 352 3348 dor.
376 3281 558 3368 στεφάνως.
595 3286 703 3347 Verum
728 3288 816 3346 etiam
841 3289 992 3348 nominum
1016 3289 1046 3346 in
1071 3307 1083 3346 ι
1107 3293 1137 3344 et
1155 3305 1177 3345 ο
1195 3286 1355 3346 accusativi

182 3385 219 3445 ab
243 3383 372 3446 llomero
400 3389 522 3466 antiqno
550 3404 632 3446 more
661 3384 804 3464 producta
828 3383 921 3444 vocali
946 3382 1164 3463 formabantur,
1187 3387 1273 3444 cuius
1298 3383 1354 3444 lor-

182 3483 324 3543 matiouis'
350 3481 575 3560 locupletissimi
602 3488 695 3542 testes
719 3489 789 3542 suut
811 3480 924 3554 κλιτῦς
948 3483 983 3542 Π
1004 3479 1083 3561 390,
1105 3476 1202 3555 νέκυς
1225 3482 1259 3542 H
1282 3477 1357 3559 420,

182 3571 292 3660 ὀφρῦς
319 3579 357 3638 ΙΙ
382 3577 461 3660 740,
491 3570 622 3660 Ἐρινῦς
649 3579 671 3638 Ι
698 3577 772 3648 454
801 3579 822 3658 β
853 3577 928 3660 135,
961 3577 1044 3661 δρῦς
1067 3581 1098 3640 A
1120 3577 1194 3640 494.
1222 3578 1260 3638 Ψ
1284 3577 1354 3656 113,

180 3673 329 3756 γραπτῦς
352 3697 379 3738 m
403 3673 481 3756 229,
505 3675 565 3751 σῦς
587 3697 607 3738 ιι
630 3673 704 3739 333.
727 3675 807 3758 433,
829 3672 929 3756 γένος
951 3678 971 3738 λ
995 3675 1073 3758 320,
1097 3673 1196 3757 ipris
1220 3695 1236 3735 ε
1259 3671 1310 3736 53.
1333 3694 1353 3734 κ

185 3769 255 3834 124.
284 3793 308 3853 μ
335 3769 409 3835 334.
438 3793 457 3834 τ
484 3771 558 3854 113,
586 3765 661 3853 ἤνις
684 3773 782 3838 294.
806 3773 880 3836 275.
904 3773 982 3856 309,
1011 3766 1061 3848 ὄις
1085 3775 1115 3834 A
1137 3770 1212 3834 245.
1235 3792 1256 3854 ρ
1281 3769 1354 3833 130.

180 3891 203 3931 ν
231 3867 311 3946 250,
342 3863 439 3943 πόλις
469 3871 496 3932 Β
524 3868 602 3952 643,
634 3863 759 3946 ἀκοίτις
785 3893 805 3932 τι
831 3871 864 3952 7,
888 3891 963 3952 quae
992 3873 1102 3933 formae
1130 3870 1266 3931 codicum
1295 3869 1352 3929 lide

181 3985 294 4048 omnes,
319 3967 476 4030 nonnullae
500 3971 588 4030 etiam
611 3978 706 4030 metro
731 3963 784 4052 (H
802 3967 876 4032 420.
900 3972 921 4030 Ι
941 3967 1018 4031 454.
1042 3971 1072 4030 A
1090 3965 1164 4030 245.
1188 3967 1225 4027 Π
1242 3964 1313 4026 740.
1332 3985 1352 4026 κ

183 4063 211 4126 7.
238 4063 309 4126 124.
333 4085 353 4144 ρ
380 4064 450 4128 130.
473 4085 491 4125 τ
517 4063 589 4128 113.
612 4087 634 4128 υ
653 4063 732 4148 250)
756 4077 838 4129 extra
861 4085 978 4129 omnem
1003 4066 1216 4128 dubitationem
1239 4064 1351 4143 positae

181 4171 259 4224 sunt
305 4159 365 4224 His
392 4164 508 4224 accedit
534 4165 663 4242 primum
691 4163 810 4244 πολῦς,
838 4166 916 4244 qnod
944 4167 975 4226 in
1005 4165 1032 4226 Β
1059 4161 1081 4224 4
1109 4153 1208 4244 ὀλέσῃ
1232 4157 1352 4236 πολέας

182 4255 233 4322 ἐπὶ
261 4254 385 4342 νηυσὶν
406 4252 546 4344 Ἀχαιῶν
570 4261 752 4324 Zenodotum
779 4262 886 4342 legisse
910 4270 940 4324 et
963 4263 999 4323 ab
1023 4260 1193 4322 Aristarcho
1218 4259 1352 4322 lutilibus

181 4361 364 4436 argumentis
393 4361 552 4422 refutatum
582 4379 647 4422 esse
671 4361 856 4422 Aristonicus
884 4361 1044 4420 memoriae
1074 4359 1213 4437 prodidit
1253 4360 1350 4440 Atque

181 4455 363 4518 Zenodotum
392 4458 428 4518 ad
451 4458 527 4518 banc
551 4458 708 4520 lectionem
731 4459 930 4538 recipiendam
954 4476 1013 4520 nou
1036 4459 1207 4520 coniectura
1230 4460 1350 4537 ingenii,
