3276 5090
665 383 882 450 „43.„

181 550 207 606 si
238 546 275 606 de
308 545 387 626 loco,
419 563 480 624 quo
511 549 542 605 iu
576 545 697 608 alteram
731 549 825 626 ripam
858 544 986 607 Achilles
1019 544 1099 607 ulmo
1131 545 1232 608 evulsa
1264 549 1357 608 instar

180 646 281 725 pontis
310 663 383 705 usus
411 646 563 706 traiecisse
592 654 744 725 narratur,
773 646 1003 725 proficiscimur,
1036 643 1248 706 concludamus
1272 663 1355 724 opor·

181 751 226 803 tet
253 749 322 802 ante
350 741 433 802 illum
461 740 558 804 locum
587 735 637 825 (Φ
661 735 741 824 242)
771 742 891 802 beroem
919 744 950 802 in
974 743 1095 802 sinistra
1119 743 1185 821 ripa
1210 751 1357 804 versatum

180 849 212 900 et
240 839 361 899 llumioe
386 841 541 900 interiecto
574 838 701 900 a'lroia
731 840 805 900 urhe
836 839 982 900 divulsum
1008 839 1108 901 luisse.
1155 839 1241 910 Quod
1270 842 1295 900 si
1319 843 1358 900 ita

180 946 237 1018 est,
262 938 411 1018 quomodo
430 937 526 1016 Lycao
545 937 657 998 Priami
679 937 766 1017 dilue,
789 956 857 998 cum
882 955 916 998 ex
941 937 1063 998 llumiue
1084 938 1201 1016 lugeret
1221 931 1270 1018 (Φ
1291 932 1359 1019 35),

180 1039 214 1096 in
233 1035 356 1096 Achillis
380 1053 484 1096 manns
507 1037 662 1096 incurrere
686 1032 807 1115 potuit?
829 1035 937 1096 Mirum
961 1038 1041 1096 enim
1064 1043 1153 1114 esset,
1177 1037 1203 1094 si
1227 1034 1275 1094 ille
1300 1054 1358 1096 non

182 1134 270 1194 llium
299 1152 418 1214 rersus,
449 1134 500 1194 sed
529 1153 545 1193 e
573 1135 694 1212 regione
722 1142 888 1194 castrorum
917 1135 1092 1213 Argivorum
1121 1125 1254 1212 lugi'sset.
1301 1133 1358 1194 Sed

182 1233 305 1292 initium
329 1250 447 1310 qnoque
471 1230 541 1293 libri
559 1232 717 1292 admodum
736 1232 897 1292 obscurum
917 1239 971 1311 cst,
995 1233 1020 1291 si
1040 1230 1183 1292 Achillem
1203 1250 1220 1292 e
1239 1233 1359 1295 sinistra

182 1337 269 1410 parte
293 1329 424 1390 fluminis
448 1315 563 1390 uenisse
584 1332 751 1392 statuimus.
787 1329 860 1390 Nam
880 1330 959 1410 qnod
979 1329 1027 1390 ille
1047 1331 1196 1407 fugientes
1215 1329 1360 1400 Troianos

182 1429 296 1489 dicitur
311 1420 489 1508 διατμήξας
507 1420 587 1502 τοὺς
605 1421 666 1509 μὲν
685 1426 840 1490 πεδίονδε
860 1426 980 1490 arouse
1000 1419 1082 1506 πρὸς
1100 1421 1210 1508 πόλιν,
1229 1419 1361 1508 ἡμίσεες

182 1519 222 1588 δὲ
241 1520 274 1597 ἐς
292 1516 442 1606 ποταμὸν
460 1524 632 1588 ίειλεῦντο
651 1519 859 1608 βαθύρροον,
880 1526 935 1586 hoc
955 1533 1021 1604 apte
1036 1533 1066 1586 et
1081 1527 1126 1585 rei
1140 1525 1360 1587 accommodate

183 1623 451 1702 interpretabimur
469 1625 506 1686 de
520 1624 657 1685 Troianis
676 1627 716 1686 ita
735 1644 828 1706 prope
847 1625 977 1686 lluminis
996 1624 1103 1685 vadum
1122 1625 1153 1684 in
1173 1624 1246 1684 duas
1260 1631 1361 1704 partes

182 1723 303 1802 divisis,
336 1729 369 1783 ut
399 1722 491 1784 altera
520 1725 551 1782 in
581 1721 684 1783 eadem
714 1725 778 1802 ripa
809 1723 914 1784 urbem
945 1741 1049 1784 versus
1080 1721 1183 1800 lugere
1213 1731 1360 1802 pergeret,

183 1821 277 1881 altera
307 1822 337 1880 in
365 1820 498 1880 dextram
525 1827 640 1900 partem
664 1820 816 1882 declinans
839 1841 894 1901 per
917 1809 1023 1882 vadum
1047 1821 1178 1881 llumiuis
1201 1822 1360 1880 instantem

104 1999 106 2002 Ι
184 1919 303 1978 bostem
341 1919 471 1995 effugere
508 1926 676 1980 conaretur.
722 1919 784 1980 lloc
821 1927 920 1980 autem
958 1921 1022 1978 lieri
1059 1937 1118 1978 non
1151 1917 1265 1998 licebit,
1282 1947 1284 1952 .
1302 1919 1360 1978 nisi

184 2015 330 2076 Achillem
354 2033 412 2075 non
437 2034 472 2076 ex
496 2017 632 2096 sinistro,
646 2018 711 2078 sed
736 2036 771 2076 ex
795 2018 900 2078 dextro
924 2017 1015 2077 latere
1039 2017 1075 2076 ad
1099 2014 1205 2076 vadum
1230 2015 1359 2076 fluminis

186 2115 303 2174 venisse
337 2115 537 2174 statuerimus.
589 2115 721 2194 Demque
754 2115 827 2176 illud
861 2135 979 2195 quoque
1013 2122 1115 2175 notatu
1147 2114 1270 2192 dignum
1304 2122 1359 2194 est,

187 2210 266 2290 quod
300 2210 443 2291 Achilles,
480 2220 638 2291 postquam
675 2211 738 2271 solo
770 2213 866 2290 gladio
899 2222 1029 2274 armatus
1061 2203 1253 2295 (φάσγανον
1287 2203 1360 2273 οἷον

186 2309 273 2390 ἔχων
298 2310 329 2371 Φ
350 2307 406 2390 19)
430 2311 459 2369 in
484 2311 595 2370 llumen
613 2309 742 2389 desiluit,
766 2311 867 2372 subito
888 2313 919 2374 Φ
937 2309 999 2372 241
1026 2318 1144 2372 scutum
1163 2315 1360 2370 manutenet.

276 2415 296 2492 ἕ
321 2413 373 2476 29.
418 2416 590 2478 Dissereudi
619 2419 663 2478 ria
691 2420 749 2478 iam
778 2437 813 2478 eo
841 2417 931 2478 delati
959 2435 1075 2496 sumus,
1101 2423 1134 2476 ut
1157 2418 1209 2494 qni
1231 2415 1288 2475 loci
1312 2416 1360 2476 ad·

189 2532 273 2574 uersa
306 2515 404 2576 lroute
442 2533 544 2576 secum
582 2535 714 2596 pugnare
753 2516 909 2576 rideantur
946 2516 1139 2574 excutiamus.
1185 2512 1362 2591 Priusquam

188 2619 288 2672 autem
321 2612 437 2692 singula
469 2615 685 2692 examinemus,
717 2615 747 2674 iu
781 2617 951 2698 uuirersum
985 2612 1129 2671 fateamur
1161 2618 1278 2689 oportet
1308 2627 1361 2670 uos

188 2729 246 2770 noxi
267 2709 395 2771 multum
414 2710 483 2772 huie
502 2713 580 2790 parti
600 2711 740 2772 tribucre.
772 2713 905 2772 Primum
925 2713 1003 2770 enim
1018 2709 1214 2790 homonymia,
1233 2715 1267 2768 ut
1280 2713 1362 2768 recte

188 2811 246 2868 iam
282 2811 312 2869 iu
346 2807 466 2868 scholiis
499 2809 534 2868 ad
563 2809 601 2868 N
625 2807 690 2870 643
719 2809 889 2870 adnotatum
917 2816 977 2888 est,
1010 2806 1118 2868 multae
1147 2806 1363 2885 discrepantiae

188 2907 366 2986 praesertbn
396 2908 425 2966 in
455 2904 591 2966 obscuris
620 2906 789 2968 bominibus
812 2917 842 2968 et
865 2905 1035 2968 leviusculis
1058 2904 1149 2966 rebus
1173 2913 1363 2985 excusantur,

190 3005 270 3064 velut
289 3007 315 3064 si
335 3005 437 3082 auriga
456 3013 486 3064 et
500 3006 726 3082 Agamemnonis
742 2999 790 3084 (Δ
804 3000 883 3084 228)
899 3012 928 3064 et
943 3003 1077 3062 Nestoris
1092 2995 1134 3082 (Θ
1150 3000 1222 3062 114,
1238 3002 1268 3061 Λ
1283 2999 1363 3081 620)

191 3093 399 3183 Εὐρυμέδων
422 3104 513 3181 audit,
537 3111 589 3163 aut
611 3105 752 3180 praeconi
774 3111 804 3163 et
826 3101 1054 3180 Agamemnonis
1077 3094 1124 3179 (A
1144 3095 1217 3159 320.
1241 3099 1262 3158 Ι
1286 3093 1363 3178 170)

191 3209 220 3262 et
243 3200 357 3278 Ulyssis
381 3195 423 3280 (B
449 3199 527 3282 184)
555 3200 635 3260 idem
659 3219 765 3260 nomen
790 3189 989 3278 Εὐρυβάτης
1012 3205 1071 3276 est,
1094 3205 1145 3258 aut
1169 3205 1230 3257 tres
1255 3197 1363 3258 milites

190 3300 318 3377 gregarii
337 3297 465 3377 Troiani,
484 3298 593 3377 quibus
612 3301 684 3359 item
703 3317 809 3359 nomeu
829 3289 928 3357 Θόων
946 3297 1010 3376 luit,
1029 3294 1200 3356 alliomede
1215 3289 1262 3376 (λδ
1276 3291 1364 3377 152),
1477 3355 1480 3362 ,

192 3396 293 3475 Ulysse
313 3390 359 3475 (A
374 3391 463 3478 422),
482 3396 637 3458 Antilocbo
657 3391 708 3477 (N
720 3391 799 3478 545)
819 3396 911 3457 occisi
930 3413 996 3455 esse
1016 3401 1184 3454 narrantur.
1193 3387 1218 3476 ¹)
1251 3392 1362 3455 Deinde

282 3608 307 3672 1)
328 3605 483 3660 Aristarchi
511 3606 546 3660 de
572 3606 625 3660 hac
655 3622 684 3660 re
712 3605 875 3660 doctissime
904 3603 1050 3658 adnotatio
1078 3603 1172 3658 exstet
1198 3603 1226 3657 in
1255 3601 1362 3658 scholio

193 3685 296 3740 codicis
310 3685 416 3740 Vena
436 3686 471 3740 ad
487 3689 517 3739 N
530 3691 590 3752 613,
609 3683 824 3755 diligentissime
843 3701 931 3753 nuper
949 3684 985 3738 ab
1005 3682 1108 3738 Adolio
1127 3683 1320 3752 Schimbergio
1335 3684 1364 3736 in

192 3765 329 3821 analectis
355 3765 542 3820 Aristarcheis
565 3767 700 3830 tractato3
728 3765 844 3820 eandem
869 3781 980 3820 eausam
1005 3764 1184 3818 illustrarunt
1206 3761 1364 3816 Friedlaen·

192 3847 285 3910 derna,
305 3831 379 3900 llber
395 3845 440 3900 die
461 3845 594 3900 lrritisebe
609 3847 775 3914 Beniitzung
789 3846 838 3900 der
851 3843 1045 3898 homeriseheu
1058 3841 1253 3910 Homonymie‚
1267 3841 1362 3896 Jahrb.

194 3927 237 3980 hir
255 3925 329 3981 Phil.
349 3925 447 3996 Suppl
467 3925 507 3978 Ili
525 3931 586 3992 814,
606 3929 635 3980 et
653 3925 856 3992 Nutzhornius,
881 3923 932 3977 Dis
951 3921 1223 3990 Entstebungsweise
1241 3921 1291 3974 der
1309 3920 1364 3976 Ho-

194 4006 348 4060 merisehen
379 4003 516 4059 Gedichte
541 4023 569 4074 p.
595 4012 654 4062 101.
690 4005 831 4076 imprimis
859 4007 954 4059 autem
981 4019 1093 4058 omnem
1120 4000 1319 4058 obscuritatem
1347 4019 1365 4057 a

194 4087 279 4153 poeta
304 4085 366 4154 ipso
388 4083 529 4138 sublatam
553 4101 613 4139 esse
637 4087 828 4142 existimemus
848 4085 972 4154 oportet,
991 4082 1016 4136 si
1034 4083 1218 4148 homonymos
1236 4081 1366 4135 homines

194 4163 291 4220 addito
311 4163 424 4218 nomine
444 4164 532 4233 patris
551 4165 595 4220 rel
614 4166 672 4221 alia
690 4171 757 4222 nota
776 4164 921 4234 distinxit,
948 4162 1027 4218 velut
1039 4155 1129 4214 ’Ἄσιον
1144 4157 1312 4228 ’Τρτανίδην
1335 4156 1364 4226 ἐξ

140 4245 145 4253 ’
192 4239 313 4316 Ἀρίσβης
332 4248 367 4298 Μ
382 4250 415 4298 96
436 4245 465 4298 et
478 4239 568 4300 ’Λσιον
588 4240 738 4315 Δύμαντος
758 4240 855 4314 Φρύγα
874 4248 903 4298 Π
921 4249 981 4309 717,
1001 4236 1117 4293 Δόλοπα
1137 4237 1257 4292 Κλυτίου
1274 4245 1364 4296 [1302

194 4331 223 4378 et
241 4321 360 4378 Δόλοπα
379 4319 500 4394 Λάμπον
521 4327 546 4378 Ο
565 4330 631 4391 525,
648 4319 782 4380 Ἠετίωνα
797 4320 921 4396 Ἴμβριον
941 4325 964 4374 Φ
983 4326 1017 4374 ta
1037 4325 1067 4374 et
1083 4313 1216 4374 Ἠετίωνα
1237 4321 1364 4393 Θηβαῖον
1456 4343 1464 4386 ;

197 4410 217 4456 A
236 4409 303 4470 366,
324 4399 506 4476 Τληπόλεμον
520 4399 706 4474 Ἡρακλείδην
725 4409 750 4458 E
770 4411 822 4460 628
845 4407 875 4459 et
900 4397 1083 4470 Τληπόλεμον
1103 4402 1320 4471 Δαμαστορίδην
1338 4403 1369 4454 Π

198 4489 261 4551 tlt,
286 4479 454 4552 Ἱππασίδην
476 4479 626 4540 ’Λπισάσνα
654 4489 677 4538 Ρ
703 4491 754 4540 atr
783 4488 813 4540 et
841 4475 1008 4551 Φαυσιάδην
1033 4473 1179 4536 Ἀπισάονα
1207 4486 1231 4536 Λ
1258 4485 1310 4537 578
1337 4483 1367 4537 et
