3276 5090
646 382 860 446 -ar-
1306 425 1318 476 ,

164 553 342 623 argumento
371 553 561 606 versarentur
589 548 737 607 contineri
763 547 905 608 dicerent.
952 547 1113 609 Homerum
1142 568 1211 610 vcro
1240 553 1338 630 ipsum

165 647 246 704 inter
283 642 376 703 aniles
414 641 534 704 tabellas
572 645 755 705 reiciendum
792 646 915 724 eiusque
953 647 983 706 in
1021 645 1119 707 locum
1156 647 1337 709 Graecorum

164 741 340 820 popularem
373 741 478 800 lamam
513 749 543 800 et
571 739 799 802 Homeridarum
830 761 938 803 nomeu
972 746 1065 822 stirpe
1095 747 1192 824 gentis
1223 745 1338 807 abiecta

165 839 409 900 substituendum
432 857 498 899 esse
522 839 675 900 docebant.
722 839 867 919 Equidem
890 860 950 902 non
974 860 1097 924 quaero,
1121 861 1208 921 quam
1232 844 1336 921 proba-

165 938 235 998 bilis
258 937 331 998 baec
355 941 502 998 sententia
521 941 560 998 sit
579 946 630 998 aut
653 938 800 1017 quomodo
820 941 963 1020 carmina,
986 958 1061 1018 quae
1081 942 1215 1001 seiuncta
1234 953 1339 1003 auctor

163 1055 269 1096 eurum
290 1035 394 1115 voluit,
418 1055 434 1097 a
454 1036 504 1095 rili
522 1036 705 1097 diasceuasta
729 1039 887 1098 coniuncta
912 1046 970 1098 tam
994 1037 1078 1098 lacilc
1101 1041 1132 1098 in
1156 1039 1337 1116 praeclaram

164 1136 310 1195 unitatem
338 1136 427 1194 tinius
456 1137 589 1214 corporis
618 1137 699 1194 coire
727 1137 887 1214 potuerint.
933 1133 1025 1194 Immo
1053 1135 1089 1195 de
1117 1137 1248 1214 generali
1271 1157 1336 1197 sen-

164 1233 256 1292 tentia
280 1231 316 1291 ad
341 1231 472 1310 singulas
500 1241 600 1310 partes
627 1235 684 1292 iam
709 1232 935 1293 transducamus
959 1235 1176 1314 quaestionem,
1203 1243 1237 1295 ut
1261 1245 1336 1314 quae

163 1333 194 1390 in
213 1329 304 1390 iliade
328 1330 477 1408 perfectae
503 1331 769 1407 unitatis.irnagini
789 1347 955 1409 repugnare
975 1349 1072 1409 neque
1091 1339 1158 1410 apte
1177 1335 1336 1393 coniuncta

162 1445 229 1488 esse
254 1428 423 1508 rideantur,
446 1430 647 1489 examinemus
671 1436 759 1508 atque
783 1429 975 1489 excutiamus,

251 1524 339 1602 §24
371 1526 467 1605 Atque
482 1528 611 1604 primum
626 1525 698 1586 illud
713 1529 821 1587 mirum
835 1534 934 1606 potest
950 1526 1052 1605 videri,
1062 1527 1140 1606 quod
1156 1528 1335 1606 Agamemno

160 1643 197 1684 eo
231 1632 378 1704 tempore,
411 1617 469 1704 quo
498 1624 660 1684 dissidente
689 1624 800 1685 Achille
831 1626 962 1704 iniquior
992 1625 1128 1686 condicio
1156 1625 1336 1688 Achivorum

162 1724 238 1783 laeta
263 1733 336 1804 erat,
361 1722 430 1783 belli
454 1723 676 1801 redintegrandi
699 1723 855 1784 consilium
879 1730 930 1782 aut
953 1741 1007 1782 sua
1030 1732 1134 1802 sponte
1153 1727 1267 1803 ceperit
1285 1727 1356 1786 aut'

160 1829 195 1881 ut
221 1829 343 1900 caperet
366 1820 488 1881 fallaciis
511 1823 618 1882 somnii
646 1831 811 1883 commotus
834 1823 881 1880 sit.
926 1819 1029 1899 Neque
1053 1840 1107 1900 ego
1131 1823 1157 1882 is
1181 1841 1260 1902 sum,
1284 1827 1336 1903 qui

159 1918 217 1978 boc
246 1918 323 1978 bene
351 1920 521 1979 institutum
549 1938 615 1980 esse
648 1918 764 1980 laudem
792 1925 843 1979 aut
870 1917 926 1978 alio
956 1919 1055 1999 modo,
1089 1919 1168 1980 velut
1196 1920 1334 1980 Troiano-

159 2035 227 2077 rum
256 2015 386 2077 tumultu
415 2026 445 2077 et
472 2019 652 2098 incursione,
679 2017 790 2078 bellum
813 2019 926 2076 moveri
948 2018 1081 2097 potuisse
1111 2035 1223 2095 negem.
1275 2017 1334 2078 Sed

159 2115 319 2176 consilium
347 2123 452 2193 poetae
480 2117 506 2175 si
533 2119 632 2177 miuus
659 2115 786 2196 laudari,
813 2123 844 2176 at
871 2123 968 2176 tamen
996 2113 1115 2175 delendi
1142 2123 1172 2174 et
1200 2118 1334 2176 excusari

158 2219 271 2292 potest,
305 2215 482 2292 praesertim
514 2215 553 2294 si,
585 2221 618 2273 ut
645 2231 735 2292 supra
763 2213 974 2294 probabamus,
993 2204 1147 2293 Ὄνειρον
1176 2214 1238 2274 sire
1266 2212 1335 2274 libri

158 2310 285 2370 secundi
317 2311 436 2372 initium
469 2312 497 2372 Β
529 2309 636 2372 1-86
669 2321 771 2390 postea
803 2312 936 2374 additum
968 2331 1034 2374 esse
1063 2314 1212 2374 statueris.
1258 2312 1334 2372 Tum

158 2411 238 2470 enim
272 2408 431 2470 consilium
465 2409 691 2487 Agamemnonis
723 2412 836 2470 animos
868 2411 1048 2472 Achivorum
1085 2410 1218 2472 tentandi
1255 2409 1333 2470 clara

156 2511 190 2567 in
223 2508 290 2567 luce
322 2515 464 2587 ponetur,
502 2515 531 2567 et
562 2509 752 2586 perspicuum
786 2509 850 2588 liet,
887 2527 946 2588 quo
979 2509 1096 2570 tandem
1129 2515 1214 2586 pacto
1246 2516 1333 2586 poeta
1391 2535 1394 2541 ·

157 2605 306 2665 adductus
336 2606 387 2685 sit,
417 2613 450 2664 ut
476 2604 573 2686 deam,
602 2605 632 2664 id
661 2605 740 2684 quod
763 2605 952 2665 Aristotelem
979 2613 1056 2684 poet
1083 2601 1124 2665 15
1147 2607 1332 2684 vituperasse

156 2721 248 2782 supra
267 2705 384 2783 monui,
407 2701 520 2782 Ulyssis
539 2704 669 2762 animum
693 2703 859 2765 firmantem
879 2711 909 2764 et
927 2711 1043 2765 ceteros
1061 2702 1188 2763 Achivos
1211 2721 1227 2762 c
1251 2705 1333 2782 turpi

157 2801 226 2878 luga
246 2807 436 2860 revocantem
459 2800 586 2860 tinxerit.
623 2799 725 2879 Neque
745 2802 906 2882 quidquam
925 2808 971 2861 est
990 2819 1112 2875 causae,
1135 2820 1190 2861 cur
1209 2799 1332 2879 superbi

157 2901 238 2976 regis
267 2899 400 2958 animum
423 2917 439 2958 a
462 2897 543 2978 love,
571 2899 665 2959 laetus
693 2906 723 2960 et
750 2898 907 2979 superbiae
931 2898 1062 2978 vindice,
1090 2906 1278 2959 occaecatum
1302 2906 1332 2958 et

156 2998 188 3055 in
198 2996 374 3076 perniciem,
389 3003 422 3055 ut
436 2997 528 3076 aiunt,
542 2998 767 3075 praecipitatum
784 2997 894 3076 lingere
905 2997 1033 3057 voluisse
1047 3004 1164 3075 poetam
1179 3014 1330 3074 negemus.

246 3091 309 3152 Hac
339 3101 458 3173 quoque
486 3095 517 3153 in
546 3111 577 3154 re
605 3095 720 3156 iudices
748 3097 837 3156 nimis
865 3114 998 3175 severos,
1031 3097 1151 3175 opinor,
1184 3094 1330 3156 Homerus

158 3203 264 3254 nactus
288 3201 348 3272 est,
372 3193 452 3272 quod
475 3195 570 3272 primo
595 3194 641 3254 die
666 3194 793 3254 Achivos
817 3211 885 3255 cum
904 3195 1060 3254 universos
1084 3199 1146 3253 tum
1166 3192 1331 3256 bleuelaum

157 3291 331 3352 Diomedem
354 3291 473 3352 Aiacem
498 3294 667 3372 superiores
690 3291 804 3372 proelio
828 3291 1002 3352 discessisse
1025 3291 1119 3350 linxit.
1164 3289 1228 3352 lloc
1252 3294 1330 3354 euim

158 3389 288 3450 dandum
314 3389 371 3450 luit
393 3393 487 3451 amori
514 3393 626 3470 patriae
651 3399 681 3451 et
708 3391 816 3451 studiis
840 3392 948 3451 civium
973 3391 1167 3470 Graecorum,
1195 3393 1329 3470 quinon
1443 3407 1445 3410 ·

157 3488 231 3549 adeo
250 3487 344 3548 rebus
362 3486 485 3548 Achillis
508 3488 656 3568 favebant,
680 3497 713 3549 ut
737 3497 853 3567 poetam
872 3507 966 3567 aequo
985 3490 1082 3548 animo
1106 3488 1196 3550 laturi
1219 3490 1330 3550 luerint

158 3607 175 3646 a
202 3586 339 3648 barbaris
371 3588 467 3667 primo
500 3589 612 3665 impetu
641 3585 769 3646 Graecos
798 3587 879 3647 lusos
906 3595 936 3647 et
964 3593 1129 3665 prostratos
1160 3589 1328 3665 fingentem.

159 3685 273 3745 Faciles
296 3687 389 3763 igitur
411 3703 482 3746 suos
505 3685 656 3746 auditores
682 3693 769 3764 poeta
793 3693 915 3746 noverat
937 3685 973 3745 ad
1001 3685 1076 3746 banc
1100 3686 1328 3746 retardationem

158 3781 235 3842 levis
263 3782 382 3844 consilii
410 3781 645 3864 condonandam,
673 3801 769 3863 neque
797 3802 852 3844 nos
880 3780 960 3862 leges
984 3785 1078 3844 iustae
1106 3784 1328 3864 compositionis

160 3882 299 3958 migratus
327 3881 593 3962 reprehendamus,
620 3881 691 3942 dum
720 3880 808 3942 modo
836 3880 928 3941 libros
950 3879 1034 3941 F·-
1050 3881 1088 3941 Η
1106 3883 1204 3960 magni
1228 3881 1328 3958 operis

158 3987 273 4056 partem
306 3997 372 4040 esse
409 3981 653 4058 reputaverimus.
703 3978 766 4040 Hoc
800 3998 892 4041 uuum
928 3988 979 4040 tuo
1016 3981 1081 4040 iure
1113 3980 1183 4038 vitio
1211 3987 1327 4038 vertere

160 4077 286 4138 Homero
317 4081 426 4160 possis,
455 4079 534 4158 quod
562 4080 593 4138 in
621 4079 781 4157 praeclaris
805 4077 987 4139 facinoribus
1010 4078 1188 4138 Achivorum
1212 4077 1326 4156 praedi·

159 4178 261 4238 caudis
284 4178 397 4236 iustum
421 4175 541 4238 modum
560 4179 687 4238 excessit
711 4184 742 4238 et
764 4178 862 4238 lavore
882 4195 1005 4238 suorum
1028 4174 1182 4254 gentilium
1201 4175 1275 4236 adeo
1294 4194 1325 4237 se

160 4275 254 4355 abripi
277 4293 385 4353 passus
408 4283 467 4356 est,
496 4283 528 4335 ut
551 4276 668 4336 consilii
691 4276 767 4336 lovis
794 4295 888 4354 paene
911 4274 1021 4334 oblitus
1044 4291 1109 4334 esse
1134 4275 1292 4337 videretur.
1301 4270 1325 4359 ¹)

211 4382 224 4388 ς
252 4383 279 4480 tl
290 4381 377 4466 *Hauc
395 4428 453 4466 rem
469 4411 640 4466 Duenlzerua
652 4412 734 4466 Hom.
749 4412 821 4466 Abb.
835 4429 863 4480 p.
878 4416 929 4463 241
945 4407 1107 4479 exagitavit,
1126 4428 1189 4465 eum
1207 4411 1325 4467 diceret:

162 4490 212 4546 Die
232 4489 455 4563 Ungebdrigkeit
472 4493 521 4547 der
539 4491 648 4548 Bttchcr
668 4497 695 4548 Γ
706 4523 739 4532 -
755 4497 785 4546 Η
801 4491 839 4546 im
858 4491 1001 4564 Fortgang
1020 4489 1070 4546 der
1088 4490 1239 4564 Handlung
1256 4493 1327 4562 liegt
