3276 5090
658 401 879 468 ..47-

178 569 360 628 narrationis
384 567 459 628 nihil
479 567 625 628 turbetur.
663 568 700 627 tt
719 567 803 628 lacile
822 569 968 647 quispiam
988 577 1119 649 quaerat,
1142 569 1213 648 quid
1232 570 1351 631 taudem

175 673 297 743 poetam
332 668 531 727 recentiorem
568 668 629 726 sive
666 665 847 744 rhapsodurn
880 665 916 725 ad
948 683 1051 726 versus
1083 666 1149 727 illos
1181 668 1351 729 adiciendos

174 781 366 823 commovere
395 765 534 842 potuerit
580 762 656 824 Huic
684 780 802 841 quoque
826 763 1000 839 responderi
1023 781 1111 840 posse
1134 763 1190 824 alio
1214 764 1278 826 loco
1303 783 1351 826 ex-

174 861 280 941 posui,
310 879 379 922 eum
407 863 459 940 qui
486 862 626 940 seorsim,
654 859 779 920 lortasse
805 862 838 919 in
866 859 987 921 Cretum
1014 862 1164 942 contione,
1188 880 1292 923 versus
1317 865 1354 922 N

175 955 357 1020 361-655
380 958 426 1018 vel
449 959 487 1019 N
506 953 683 1020 330—655
711 965 860 1037 tamquam
881 950 1070 1037 Ἰδομενῆος
1092 953 1147 1018 καὶ
1170 953 1350 1040 Μηριόναο

174 1048 352 1134 ἀριστείαν
392 1058 574 1138 recitaverit,
620 1055 689 1115 hnic
725 1057 850 1114 carmini
886 1063 987 1134 aptum
1025 1055 1173 1135 epilogum
1214 1057 1351 1118 versibus

175 1150 358 1216 658-659
381 1154 543 1235 addidisse,
571 1171 646 1233 quos
670 1171 774 1213 versus
797 1161 913 1236 postea,
941 1155 1009 1231 quia
1034 1155 1151 1232 egregie
1175 1154 1351 1236 placuerint,

176 1253 210 1311 in
233 1251 334 1312 lliadis
362 1269 472 1330 corpus
503 1260 638 1331 receptos
662 1270 740 1331 esse,
769 1254 902 1331 quamvis
926 1251 994 1311 huic
1019 1251 1083 1310 loco
1107 1270 1165 1311 non
1189 1252 1351 1315 destinatus

177 1347 216 1408 ab
241 1368 346 1410 eorum
370 1357 491 1410 auctore
515 1358 545 1411 ct
568 1369 627 1411 non
651 1353 744 1429 magis
766 1349 901 1411 versibus
920 1349 1016 1428 quinti
1035 1347 1104 1410 libri
1122 1367 1211 1428 quam
1229 1353 1275 1430 iis,
1299 1353 1350 1430 qui

175 1446 405 1526 subsequuntur
423 1448 461 1507 N
477 1444 660 1525 660-672,
683 1454 891 1526 repugnantes.
928 1445 1115 1507 Recentioris
1139 1465 1208 1508 vero
1227 1451 1350 1526 originis

176 1543 298 1605 illorum
327 1563 467 1606 versuum
491 1563 550 1605 uon
575 1545 774 1624 spernendum
799 1545 954 1622 vestigium
978 1544 1046 1604 inde
1069 1547 1246 1623 repetimus,
1270 1546 1349 1625 quod

176 1659 283 1703 versus
307 1643 347 1702 N
365 1639 429 1704 657
459 1639 492 1716 ἐς
515 1641 639 1723 δίφρον
663 1633 695 1702 δ’
721 1634 901 1715 ἀνέσαντες
922 1633 1008 1722 ἄγον
1031 1635 1128 1723 προτὶ
1143 1634 1249 1706 Ἴλιον
1274 1636 1352 1725 ἱρήν

175 1757 213 1799 ex
246 1739 397 1820 Odysseae
430 1757 518 1800 versu
547 1734 658 1820 &¹280
689 1735 723 1812 ἐς
753 1737 877 1820 δίφρον
909 1729 942 1800 d’
976 1729 1098 1812 ἀνέρας
1127 1732 1187 1820 ἄγε
1213 1739 1351 1802 rotunde

177 1829 290 1918 δάκρυ
307 1831 427 1918 χέοντα
444 1855 605 1916 expressus
623 1855 689 1898 esse
709 1837 839 1916 videtum
860 1836 965 1897 melius
985 1839 1064 1897 enim
1083 1836 1234 1899 hominem
1253 1840 1349 1898 sivum

179 1952 269 2014 quam
293 1943 445 1995 mortuum
468 1936 500 1994 in
521 1951 645 1994 currum
669 1924 785 1994 ἀνέσαι
808 1935 956 1994 dicuutur.
964 1931 988 2016 ¹)

265 2032 287 2109 ξ
316 2030 368 2094 32.
415 2032 543 2092 Deorum
573 2048 682 2092 numen
710 2029 826 2108 legibus
854 2031 998 2092 humanae
1028 2040 1150 2093 naturae
1179 2052 1216 2094 ne
1245 2033 1350 2094 Graeci

176 2131 300 2210 quidem
333 2132 373 2192 ita
402 2130 535 2191 coerceri
563 2126 718 2208 putabant,
751 2135 784 2187 ut
811 2137 929 2207 poetam
955 2130 1096 2207 maiorem
1125 2128 1290 2191 libertatem
1320 2135 1349 2192 in

177 2227 269 2289 rebus
301 2229 409 2289 divinis
436 2245 524 2288 usum
553 2228 653 2306 inique
682 2228 802 2288 terrent.
853 2226 1047 2287 Coniveamus
1076 2229 1168 2304 igitur
1195 2246 1250 2288 nos
1278 2247 1349 2308 quo·

177 2345 236 2405 que
264 2345 337 2406 uno,
364 2324 452 2386 modo
481 2341 518 2383 ne
547 2331 674 2404 utroque
702 2323 802 2404 oculo,
829 2323 855 2382 si
883 2321 1056 2403 llinervam,
1084 2343 1174 2403 quarn
1201 2327 1289 2386 modo
1317 2330 1347 2386 in

175 2427 241 2484 acie
268 2424 449 2485 Achivorum
476 2422 644 2483 videramus
672 2416 719 2504 (E
744 2418 795 2483 29.
827 2413 918 2503 133),
946 2420 1044 2500 paullo
1072 2431 1140 2501 post
1167 2426 1197 2482 in
1225 2424 1348 2504 Olympo

176 2520 322 2582 Venerem
354 2520 541 2599 sugillantem
575 2520 712 2580 eredimus
745 2514 791 2600 (Ε
816 2516 890 2598 418,
920 2518 956 2578 cl.
986 2519 1017 2578 E
1045 2514 1101 2599 73)
1134 2528 1163 2579 et
1196 2521 1347 2600 lunonem,

176 2637 266 2698 quam
295 2619 331 2678 de
355 2617 405 2678 lda
433 2625 533 2678 moute
561 2617 597 2676 ad
621 2615 777 2696 Olympum
806 2616 931 2676 rediisse
955 2623 1041 2696 poeta
1066 2615 1095 2675 0
1119 2613 1160 2676 79
1185 2616 1348 2697 rettulerat,

176 2733 245 2776 mox
273 2733 342 2776 cum
365 2714 433 2775 love
461 2717 492 2774 in
515 2713 582 2774 ldae
610 2716 746 2774 acumine
770 2713 1006 2774 confabulantem
1030 2715 1068 2774 Π
1087 2711 1149 2774 431
1175 2723 1205 2774 et
1228 2715 1262 2775 Σ
1283 2712 1348 2775 356

175 2816 357 2892 interimque
381 2812 418 2873 de
437 2811 562 2892 Olympo
580 2810 689 2872 lridem
713 2810 915 2873 adnuntiem
940 2813 1105 2872 mittentem
1130 2811 1164 2870 Σ
1187 2809 1248 2872 167
1273 2815 1348 2873 acci-

175 2904 315 2992 pimus.²)
358 2911 397 2971 Aa
415 2898 592 2988 neutiquam
615 2908 687 2969 terri
711 2916 818 2990 potest,
838 2907 916 2988 quod
936 2908 1069 2987 luppiter
1088 2909 1117 2968 P
1132 2905 1197 2970 546
1216 2912 1347 2972 animum

176 3009 211 3070 ad
236 3010 366 3070 levorem
390 3007 569 3068 Achivorum
597 3009 722 3067 vertisse
746 3015 776 3067 et
798 3008 900 3084 paucis
923 3004 1022 3066 verbis
1045 3008 1210 3067 interiectis
1233 3007 1264 3066 P
1282 3005 1346 3069 593

177 3106 305 3168 nubibus
333 3108 487 3166 cacumine
511 3104 578 3165 ldae
601 3104 732 3165 involuto
757 3113 903 3164 terrorem
925 3103 1044 3164 Achivis
1066 3104 1204 3164 iniecisse
1220 3105 1347 3166 dicitnr.

182 3237 389 3246 ———---—-

264 3298 291 3364 1)
304 3295 434 3361 Woltius,
444 3295 514 3364 prol.
526 3293 589 3349 adn.
600 3298 644 3361 99,
654 3295 858 3360 Lachmannus,
868 3292 943 3347 Betr.
955 3297 997 3360 51,
1008 3290 1202 3363 Benickeuins,
1214 3293 1346 3349 Zeitschr.

139 3399 143 3408 ·
175 3375 194 3430 f.
208 3377 273 3432 datr.
290 3372 393 3444 Gymn.
410 3379 477 3430 1877
492 3392 519 3442 p.
535 3379 585 3429 881
602 3389 673 3443 sqq,
691 3374 827 3440 Nabaros,
846 3376 954 3440 quaest.
973 3373 1047 3427 hom.
1064 3379 1115 3427 175
1129 3372 1201 3427 hanc
1215 3391 1346 3444 namnam

175 3454 391 3524 discrepantiam
405 3455 448 3510 ita
461 3454 599 3524 explicare
614 3471 696 3524 posse
710 3453 764 3507 eibi
779 3452 953 3521 videbantur,
967 3455 999 3506 ut
1011 3451 1123 3522 singula
1137 3453 1260 3508 momina
1269 3455 1346 3510 aliud

175 3534 211 3588 ab
229 3534 287 3589 alio
307 3537 373 3590 vate
392 3533 579 3604 compositum
599 3550 659 3588 esse
678 3534 841 3587 statuerent
872 3533 909 3584 At
922 3530 1066 3600 proferant
1079 3531 1128 3586 isti
1143 3533 1230 3587 alium
1244 3531 1346 3602 locum,

175 3629 229 3681 quo
243 3613 404 3669 Homeridis
422 3613 557 3668 memoria
576 3611 730 3666 carminum
744 3610 858 3666 Homeri
876 3614 935 3665 tam
953 3609 1073 3680 turpiter
1092 3613 1203 3681 excidit,
1223 3616 1254 3668 ut
1271 3615 1346 3683 regis

174 3710 249 3748 mors
272 3695 357 3748 antea
378 3694 407 3747 in
432 3692 612 3748 celeberrimo
631 3690 754 3746 carmine
774 3691 896 3759 quinque
916 3689 1040 3745 versibus
1059 3690 1149 3746 relata
1167 3709 1214 3748 eos
1233 3691 1345 3762 ingerit.

175 3772 265 3828 Nemo
285 3774 380 3827 autem
398 3772 452 3827 nisi
471 3773 520 3842 qui
539 3771 633 3826 studio
647 3770 819 3826 Lachmanni
837 3773 935 3840 captus
953 3774 983 3826 et
996 3775 1159 3836 occaecatus
1173 3776 1225 3840 est,
1244 3773 1346 3826 librum

175 3855 206 3906 N
222 3851 279 3907 alio
298 3850 414 3906 concilio
432 3852 468 3906 ab
488 3852 547 3906 sins
566 3854 680 3907 auctore
698 3851 806 3906 factum
825 3852 908 3921 dicet,
927 3869 1013 3921 quam
1031 3855 1063 3906 ut
1080 3868 1137 3906 una
1155 3869 1218 3906 cum
1232 3849 1305 3905 libro
1320 3854 1345 3905 E

174 3933 204 3987 in
223 3949 324 4002 corpus
342 3932 438 4000 magni
456 3933 596 4001 potemais
616 3931 689 4001 episi
708 3934 855 4001 cogeretur
873 3935 958 4000 atque
977 3933 1178 3987 contexeretur.

263 4015 291 4080 2)
310 4010 403 4065 Minus
422 4012 535 4066 facilem
553 4012 583 4065 in
601 4012 655 4065 hae
672 4027 702 4064 re
722 4027 752 4065 se
765 4011 896 4080 praebuit
915 4009 1132 4077 Schoemannus,
1151 4027 1245 4080 opusc.
1265 4009 1344 4081 1114,

174 4109 257 4163 quam
276 4091 453 4164 Aristarchus
471 4092 509 4146 sd
528 4094 557 4144 Π
574 4095 626 4144 432
646 4091 784 4146 adnotans
803 4084 847 4145 ὅτι
864 4085 953 4145 scottis
972 4089 1046 4146 κατὰ
1065 4088 1250 4160 συμπέρασμα
1268 4089 1344 4159 λέγει

173 4169 189 4227 ὁ
209 4167 328 4241 ποιητὴς
346 4167 483 4241 γεγονότα
502 4172 551 4224 sel
569 4164 603 4224 ori
623 4165 691 4224 elev
710 4165 861 4237 ἐπιζητεῖν,
880 4171 939 4232 νεῶς
955 4165 974 4239 ἡ
994 4167 1094 4240 μικρὸν
1113 4167 1276 4240 ἔμπροσθεν
1297 4166 1343 4225 ἐπὶ

173 4249 224 4308 τὸν
236 4249 379 4322 'osopum
397 4257 654 4322 παρααεχωρηννῖα
673 4253 727 4308 νῦν
747 4247 794 4307 ἐπὶ
812 4252 862 4320 τῆς
874 4246 949 4320 'Idne
967 4247 1032 4305 ἐστί.
1061 4249 1199 4319 Equidem
1217 4249 1270 4304 hac
1288 4267 1345 4304 una

173 4332 209 4386 de
227 4347 313 4386 musa
329 4347 426 4386 versos
440 4335 468 4385 ll
481 4336 623 4386 asa-tta
638 4331 770 4387 damnare
784 4348 840 4386 non
854 4330 993 4396 auderem,
1013 4329 1061 4383 sed
1076 4330 1247 4399 cumplures
1262 4347 1341 4384 acce·

175 4411 254 4480 dant,
277 4411 313 4464 de
332 4411 433 4479 quibus
452 4411 525 4465 inira
543 4410 702 4480 disputabo,
721 4411 791 4467 lasci
809 4411 1037 4480 argumentorum
1056 4409 1262 4464 concedendum
1281 4427 1343 4466 esee

176 4491 249 4560 duxi,
269 4489 347 4562 quod
366 4489 416 4545 uni
433 4489 529 4562 virgae
548 4491 699 4546 concedere
718 4491 924 4546 detrectassem.
