3192 5096
571 379 834 439 nemusculum
1222 377 1284 444 731

203 553 239 614 ad
263 552 304 631 ἐξ
327 551 371 614 45
395 562 425 614 et
447 550 515 620 462,
539 552 673 630 quaestio
697 551 743 610 his
767 549 959 629 paragraphis
982 549 1169 628 adumbrata,
1198 567 1286 629 qnam

109 652 146 711 ad
172 669 291 712 omnem
314 653 445 712 omnium
474 651 627 710 hominum
654 650 878 727 persuasionem
906 666 1046 727 umquam
1070 648 1176 709 adduci
1199 665 1286 727 posse

109 760 139 810 et
163 759 251 810 antea
276 749 431 828 desperari
459 757 489 808 et
517 751 687 808 etiamnunc
715 746 854 826 despero,
883 749 1051 808 accuratius
1079 765 1094 806 a
1123 765 1170 806 me
1198 763 1287 824 pecu·

109 847 178 908 liari
212 849 460 908 commentatione
493 841 618 925 (llomer
649 844 722 905 oder
754 843 949 925 Homeriden,
982 845 1055 906 thh.
1084 845 1111 906 d.
1140 845 1167 904 b.
1196 843 1287 904 hired.

108 945 130 1006 l.
151 945 194 1006 Cl.
224 943 297 1007 llVi.
317 945 369 1005 Bri.
398 964 426 1024 p.
448 943 510 1006 123
530 941 608 1024 sqq.)
632 959 757 1003 excussa
781 953 835 1002 est.
882 943 978 1021 hique
1006 943 1057 1004 illo
1081 961 1199 1022 quoque
1223 941 1287 1002 loco

110 1053 141 1104 ct
164 1053 259 1104 totam
282 1043 358 1105 hanc
382 1046 585 1122 quaestionem
609 1041 646 1102 ab
669 1040 773 1101 ordine
792 1039 1001 1118 chronologico
1020 1041 1204 1121 singulorum
1224 1057 1287 1100 car-

109 1144 226 1202 minum
259 1143 389 1221 pendere
422 1152 452 1203 et
484 1141 621 1202 cardines
653 1141 718 1199 eius
750 1138 849 1217 Lyciis
882 1137 1062 1216 Sarpedonis
1091 1137 1288 1199 Troianorum
1314 1145 1316 1150 ’

109 1241 201 1299 sociis
230 1239 380 1318 admixtis,
408 1241 514 1300 eastris
538 1237 716 1298 Achivorum
744 1244 796 1298 aut
825 1253 932 1316 aggere
961 1237 1024 1298 solo
1053 1246 1105 1298 aut
1128 1255 1235 1316 aggere
1259 1246 1289 1296 et

110 1355 199 1398 muro
228 1339 353 1419 saeptis,
381 1337 468 1398 Troia
498 1336 608 1415 oppido
636 1345 666 1396 et
693 1334 873 1396 Achivorum
901 1337 1006 1396 castris
1039 1338 1070 1396 in
1102 1335 1204 1396 eadem
1238 1345 1289 1396 aut

110 1435 231 1496 diversa
254 1438 318 1514 ripa
342 1436 472 1496 iluminis
497 1433 670 1496 Scamandri
699 1433 862 1513 collocatis,
893 1434 1021 1514 denique
1050 1434 1186 1494 versibus
1215 1436 1288 1493 anti·

6 1519 9 1530 ’
111 1534 180 1612 quis
204 1532 243 1593 ab
267 1536 434 1594 recentiore
463 1539 550 1611 poeta
578 1530 653 1591 maie
681 1531 841 1592 intellectis
869 1549 1018 1611 praveque
1045 1532 1171 1592 detortis
1195 1535 1288 1592 conti-

111 1633 179 1690 neri
202 1635 328 1709 exposui
352 1637 439 1710 atque
463 1629 595 1710 probari.
632 1627 713 1689 idem
736 1648 796 1690 non
819 1629 967 1691 obstinato
990 1632 1101 1710 auimo,
1126 1630 1177 1690 sed
1201 1649 1288 1708 argu·

110 1736 283 1790 mentorum
307 1732 450 1810 gravitate
473 1729 582 1789 ductus
605 1729 636 1788 in
660 1745 694 1788 ea
718 1730 865 1790 sententia
888 1731 1020 1808 perstiti,
1048 1737 1082 1789 ut
1109 1747 1169 1788 non
1193 1727 1289 1788 solum

112 1827 247 1906 episodia
272 1837 302 1887 et
325 1830 489 1888 carminum
509 1828 682 1905 interstitia,
707 1843 782 1904 qttae
805 1827 836 1886 in
859 1825 957 1900 tabula
979 1829 1131 1906 synoptico
1156 1835 1288 1887 extremo

114 1925 180 1986 loco
204 1927 306 2005 posui,
330 1926 381 1986 sed
406 1928 495 1986 etiam
518 1926 648 1986 carmina
671 1921 720 1984 14.
743 1919 1042 1986 15.16.19.32.**
1057 1923 1108 1986 34.
1123 1922 1174 2004 36,
1198 1943 1289 2004 quan·

111 2026 224 2084 tumsis
252 2042 321 2084 cum
349 2031 523 2103 argumento
547 2022 646 2082 iliadis
674 2030 755 2082 arcte
778 2020 969 2102 cohaereant,
998 2021 1034 2082 ab
1058 2022 1186 2084 Homero
1210 2039 1289 2082 com-

113 2123 211 2199 posita
236 2139 301 2180 esse
326 2139 474 2200 negarem.
519 2119 622 2200 Neque
646 2122 724 2180 enim
756 2123 807 2198 qui
830 2137 934 2180 versus
960 2121 1001 2180 M
1019 2119 1081 2182 106
1097 2140 1140 2200 sq.
1167 2116 1230 2181 125
1245 2137 1289 2199 sq.

113 2218 143 2278 P
159 2216 225 2280 637
243 2237 307 2299 sqq.
332 2221 434 2298 panxit
461 2221 501 2279 ita
529 2237 582 2280 sua
610 2217 699 2278 rerba
727 2219 826 2296 ipsum
854 2217 1017 2280 detorsisse
1040 2219 1233 2300 crediderim,
1256 2227 1290 2279 ut

112 2317 221 2378 iisdem
245 2315 345 2376 verbis
368 2319 398 2378 in
426 2316 495 2378 libri
524 2317 595 2377 noni
622 2315 759 2378 versibus
787 2314 853 2378 234
873 2334 917 2396 sq.
944 2326 996 2378 aut
1023 2319 1202 2378 contrariam
1230 2319 1289 2376 rint

112 2414 263 2476 tribueret
291 2425 342 2475 aut
369 2417 463 2476 iustas
491 2415 571 2494 leges
594 2417 801 2493 grammatices
824 2417 980 2495 migraret,
1008 2433 1105 2495 neque
1133 2416 1170 2476 de
1198 2431 1290 2476 cursu

112 2512 289 2574 Scamandri
313 2515 432 2592 situque
456 2513 562 2574 'l'roiae
587 2512 687 2592 oppidi
711 2511 789 2573 idem
813 2514 942 2574 sensisse
967 2513 1113 2574 contendo
1137 2522 1290 2574 auctorem

112 2613 228 2688 primae
253 2621 284 2670 et
306 2612 416 2672 veteris
440 2613 534 2690 partis
557 2610 625 2670 libri
649 2608 717 2668 XXI
736 2602 857 2690 (μάχης
877 2607 1145 2694 παραποταμίαν)
1169 2620 1289 2672 etcum

113 2711 164 2787 qui
189 2711 285 2770 veteri
307 2711 445 2789 carmini,
473 2709 552 2789 quod
580 2707 650 2768 olim
678 2725 766 2768 versu
794 2709 825 2768 Φ
843 2706 907 2769 227
932 2707 1049 2770 finitum
1074 2709 1166 2770 inisse
1190 2727 1290 2770 narra-

113 2808 206 2866 tionis
229 2806 327 2867 hiatus
355 2809 465 2868 evincit
492 2800 531 2884 (v.
555 2805 630 2885 prol.
653 2824 681 2884 p.
700 2803 744 2868 42
764 2825 806 2884 sq.
831 2813 861 2866 et
884 2801 955 2888 52),
984 2825 1088 2868 versus
1112 2804 1290 2870 228-525

113 2903 251 2964 subiecit.
298 2904 356 2964 Sed
381 2906 417 2965 de
441 2904 545 2965 ordine
570 2902 780 2982 chronologico
809 2907 974 2965 carminum
1003 2907 1149 2966 sententia
1178 2915 1290 2968 mutata

113 3000 258 3064 nonnulla
290 3020 409 3081 quoque
442 3003 479 3063 de
511 3002 657 3063 aetatibus
685 3011 716 3063 et
744 3002 918 3064 auctoribus
951 3005 1116 3065 carminum
1150 3005 1290 3065 mutanda

114 3107 208 3160 erant.
254 3098 325 3160 lnde
354 3102 485 3160 carmina
513 3099 611 3160 iliadis
639 3103 682 3160 sic
710 3101 767 3160 iam
795 3100 1001 3163 distribuenda
1030 3102 1120 3175 duco,
1154 3109 1187 3162 ut
1216 3120 1291 3182 quae

114 3199 221 3258 eodem
249 3215 338 3259 versu
365 3199 528 3277 perscripsi
557 3199 688 3258 carmina
716 3200 789 3277 quin
817 3197 853 3258 ab
883 3199 987 3258 eodem
1015 3207 1102 3277 poeta
1131 3200 1291 3261 laetasint

116 3295 218 3356 nullus
241 3297 299 3356 iam
323 3295 470 3357 dubitem:

160 3398 199 3453 lt:
234 3392 262 3455 1.
294 3391 344 3453 2.*
381 3390 431 3454 18.
464 3389 535 3454 25*
568 3391 640 3454 25*
673 3390 726 3456 28.
758 3390 830 3454 29.*

163 3490 200 3551 B:
233 3488 283 3552 3.*
316 3487 345 3552 5.
379 3487 407 3551 6.
442 3488 471 3551 7.
504 3487 532 3552 8.
566 3487 596 3550 9.
631 3489 700 3551 tu*

162 3588 200 3649 C:
233 3587 283 3650 20.
316 3586 367 3650 2l.
400 3586 472 3648 22*
506 3585 558 3650 23.
593 3586 643 3650 11.
678 3586 727 3650 12.
763 3587 811 3650 13.
844 3587 896 3649 24.
929 3588 980 3650 26.

161 3686 199 3746 D:
232 3683 325 3749 29.**
359 3683 410 3748 30.
444 3683 516 3746 32*
550 3683 602 3747 33.
635 3683 686 3748 35.
720 3684 772 3747 37.
805 3683 856 3746 38.

163 3880 202 3943 F:
237 3880 287 3943 14.
322 3878 371 3944 15.
407 3879 476 3942 16.*
511 3879 582 3943 19.*
615 3879 708 3943 22.**

164 3979 201 4039 G:
233 3978 327 4042 32.**
361 3978 412 4042 34.
446 3977 497 4041 36.

164 4075 203 4138 H:
235 4077 285 4140 17.
320 4076 392 4139 31*
427 4075 499 4140 393*
534 4075 625 4139 16.**

234 4173 285 4236 4,*

236 4271 328 4335 19.**
361 4271 446 4335 31**
470 4282 527 4335 etc.

209 4371 290 4432 lianc
319 4370 560 4432 distributionem
590 4375 615 4432 si
644 4391 711 4440 cum
741 4393 789 4456 ea,
819 4393 906 4454 quam
931 4375 1004 4454 prol.
1028 4395 1055 4454 p.
1075 4371 1118 4436 95
1142 4381 1294 4460 proposui,

120 4469 296 4551 contuleris,
325 4468 382 4530 hoc
410 4487 559 4530 summum
587 4480 733 4532 mutatum
763 4472 889 4555 videbis,
918 4474 995 4552 quod
1025 4482 1124 4552 partes
1150 4477 1235 4536 tertia
1265 4487 1294 4538 et
