3306 5070
687 343 837 396 ΙΛΙΑΔΟΣ
856 345 894 394 1v

206 507 251 570 ὼε
270 505 375 570 ἔίιδεν
399 507 499 585 μέλαν
523 505 600 585 αἷμα
624 507 820 584 καταρρέίον
842 507 875 572 ἐξ
900 505 1046 587 ὠτειλῆε,

207 613 333 693 ῥίγησεν
357 615 392 677 δὲ
416 614 466 677 καὶ
490 613 587 678 αὐτὸ(
611 611 780 691 ἀρηίφιλοτ
804 613 985 678 Μενέλαοι·

206 720 251 784 άιε
274 721 309 784 δὲ
333 719 419 784 Ἑίδεν
443 720 560 798 νεῦρόν
584 740 618 784 τε
642 720 693 784 καὶ
717 717 834 795 ὄγκου(
857 720 948 784 ἐκτδε
972 721 1099 801 ἐόνταε,

206 825 354 906 ἄψορρόν
377 832 426 892 λοι
450 827 547 904 θυμὸτ
571 827 619 890 ἐνὶ
642 827 801 905 ετήθεεειν
824 825 952 905 ἀγέρθη.

204 938 273 998 τοῑε
297 934 333 996 δὲ
358 933 438 1013 βαρὺ
462 932 625 1012 στενάχων
648 933 769 1012 μετέφη
793 933 908 1011 κρείιυν
931 931 1150 1016 Ἀγαμέμνων,

206 1042 311 1120 χειρὸ(
335 1040 421 1119 ἔχων
445 1041 629 1105 Μενέλαον·
662 1039 915 1118 ἐπεστενάχοντο
940 1039 968 1104 δ’
987 1041 1120 1122 ἑταῖροι·

205 1148 298 1227 ,φίλε
322 1146 503 1225 καείγνητε,
528 1145 669 1212 θάνατόν
693 1149 731 1211 νύ
755 1168 803 1211 τοι
827 1146 907 1226 ὅρκι’
930 1147 1081 1228 ἔταμνον,

204 1254 276 1319 οἷον
299 1255 476 1333 προετήεατ
500 1254 563 1331 πρὸ
587 1251 723 1333 Ἀχαιῶν
747 1254 850 1333 Τριυεί
874 1253 1033 1333 μάχετθαι.

204 1361 249 1425 ὥ(
273 1359 299 1425 τ’
322 1359 441 1440 ἔβαλον
465 1361 585 1438 Τρῶεε,
610 1362 690 1425 κατά
713 1360 742 1424 δ’
764 1361 856 1440 ὅρκια
879 1363 972 1424 πιετὰ
994 1362 1145 1441 πάτησαν.

204 1467 243 1530 οὐ
266 1468 324 1546 μέν
347 1486 417 1530 πιυτ
440 1465 533 1531 ἅλιον
556 1467 646 1533 πέλει
670 1467 780 1546 ὅρκιον
804 1465 879 1546 αἷμά
902 1488 936 1531 τε
961 1471 1088 1547 λαρνῶν

205 1573 353 1653 [σπονδαί
375 1571 404 1636 τ’
426 1571 556 1652 ἄκρητοι
581 1574 631 1638 καὶ
654 1573 766 1653 δεξιαί,
791 1575 827 1658 ᾗ(
851 1575 1046 1656 ἐπέπιθμεν]

203 1679 315 1760 εἴπερ
338 1679 400 1760 γάρ
423 1701 458 1744 τε
482 1681 533 1744 καὶ
557 1679 658 1744 αὐτίκ’
680 1679 853 1760 Ὀλύμπιοτ
876 1681 935 1744 οὐκ
958 1681 1134 1760 έτέλετεεν,

202 1789 238 1852 ἐκ
261 1788 297 1850 δὲ
320 1789 371 1850 καὶ
395 1785 458 1865 ὀψὲ
481 1791 582 1866 τελεῖ,
607 1788 663 1852 εύν
686 1809 720 1852 τε
745 1787 874 1871 μεγάλῳ
894 1786 1060 1871 ἀπέπταν,

203 1896 258 1958 εὐν
282 1900 394 1979 (φῇσιν
418 1898 571 1979 κεφαλῇτι
595 1895 718 1971 γυναιξί
738 1879 775 1958 Ιτε
800 1895 851 1958 καὶ
874 1895 1036 1959 τεκέεεειν.

202 2001 238 2066 εὖ
261 2001 322 2081 γὰρ
346 2001 411 2077 ἐγὼ
434 1999 509 2065 τόδε
533 2005 625 2066 ίοῑδα
649 2002 728 2065 κατὰ
752 2001 857 2080 φρένα
880 2001 931 2064 καὶ
955 2001 1035 2065 κατὰ
1057 2002 1172 2080 θυμόν·

201 2107 321 2173 έεεεται
344 2109 440 2188 ἦμαρ,
464 2105 512 2170 ὅτ’
535 2106 575 2172 άν
597 2107 670 2173 ποτ’
692 2107 801 2191 ὀλώλῃ
825 2107 918 2172 Ἴλιοε
940 2107 990 2187 ἱρή

201 2215 252 2278 καὶ
274 2214 418 2294 Πρίαμοε
441 2216 492 2279 καὶ
516 2216 593 2280 λαὸε
616 2215 774 2294 έυμμελίω
797 2213 969 2294 Πριάμοιο,

201 2321 283 2386 Ζεὺε
307 2323 342 2386 δέ
367 2342 421 2402 εφι
446 2322 597 2401 Κρονίδηε
621 2322 787 2401 ὑψίζυγος,
811 2321 911 2400 αἰθέρι
935 2321 1047 2400 ναίων,

201 2429 297 2494 αὐτὸ(
320 2428 505 2512 ἐπιετείῃαν
528 2430 665 2508 ἐρεμνὴν
687 2427 793 2503 αἰγίδα
817 2431 910 2493 πάειν

200 2533 285 2615 τῆσδ’
307 2534 431 2614 ἀπάτη(
454 2536 585 2600 κοτέων.
630 2535 670 2599 τὰ
694 2537 751 2613 μὲν
774 2533 894 2600 ἔεεεται
918 2537 976 2600 οὐκ
998 2534 1160 2601 ἀτέλεστα.

200 2641 283 2706 ἀλλά
306 2664 357 2721 μοι
382 2642 474 2707 αἰνὸν
497 2640 576 2721 ἄχοε
599 2644 690 2706 εέθεν
713 2640 845 2720 ἔεεεται,
870 2641 897 2705 ὦ
921 2644 1081 2722 Μενέλαε,

200 2749 234 2813 αἴ
256 2769 290 2814 κε
315 2749 413 2833 θάνητ
437 2750 488 2812 καὶ
511 2749 635 2829 πότμον
659 2747 842 2832 ἀναπλήσῃ(
868 2749 996 2828 βιότοιο.

200 2856 249 2919 καί
274 2877 328 2920 κεν
352 2857 532 2934 ἐλέγχιστοε
556 2854 751 2934 πολυδίψιον
774 2854 891 2934 Ἄργο(
913 2856 1050 2935 ἱκοίμην

202 2961 313 3026 αὐτίκα
336 2962 397 3040 γάρ
422 2964 592 3042 μνήσονται
615 2961 736 3041 Ἀχαιοὶ
759 2962 911 3039 πατρίδοε
936 2963 1018 3040 αἴηε·

199 3069 257 3132 κὰδ
281 3071 316 3133 δέ
341 3090 396 3134 κεν
419 3069 566 3148 εὐχωλὴν
589 3068 723 3152 Πριάμῳ
747 3069 798 3132 καὶ
821 3069 923 3146 Τροιεὶ
947 3070 1091 3148 λίποιμεν

199 3173 342 3254 Ἀργείην
365 3175 503 3254 Ἑλένην.
550 3178 603 3240 τέο
627 3173 656 3238 δ’
675 3174 769 3239 ὀετέα
792 3174 882 3239 πύεει
906 3175 1028 3254 ἄρουρα

199 3283 344 3362 κειμένου
367 3283 405 3348 ἐν
427 3281 524 3366 Τροίῃ
548 3281 749 3364 ἀτελευτήτῳ
772 3281 826 3344 έπὶ
846 3283 959 3364 ίέργιμ.
1319 3304 1368 3351 ιτσ

270 3433 321 3484 154
339 3431 374 3484 cf.
393 3435 417 3484 A
431 3435 483 3485 488
503 3431 533 3485 θλ
550 3435 578 3484 X
585 3437 641 3484 429
716 3435 766 3483 159
782 3454 815 3475 =
831 3433 852 3481 B
867 3433 916 3482 341
992 3435 1097 3484 lea-5
1113 3457 1146 3477 =
1161 3436 1182 3485 Z
1198 3439 1303 3487 447-9

199 3515 249 3565 165
266 3536 298 3556 ==
313 3516 347 3565 47
422 3517 471 3565 173
487 3536 521 3556 =
536 3515 557 3564 Β
574 3517 632 3566 160.

271 3649 322 3698 149
346 3638 495 3699 άθετεῖται
515 3645 601 3700 ιοίιοί.
621 3645 645 3698 A
737 3648 787 3697 153
806 3649 865 3706 τοῖς
884 3641 915 3698 δέ
935 3643 1020 3700 ΑΟΒι
1044 3641 1095 3700 τάν
1114 3645 1146 3700 δὲ
1166 3645 1228 3712 LN,
1253 3665 1307 3714 quo
1326 3665 1367 3702 re-

197 3725 278 3793 cepto
297 3741 392 3777 versus
413 3729 463 3778 151
483 3724 617 3780 delendus
637 3723 690 3778 οτίί
709 3755 742 3764 -
760 3723 929 3793 προσάφηΟ
1039 3731 1088 3780 157
1114 3720 1151 3788 ὥς
1169 3725 1367 3797 θαυμαστικὸν

198 3799 337 3873 ἐπίρρημα
356 3803 427 3859 dicit
444 3804 612 3874 Hesychius,
636 3803 776 3874 virgulam
798 3807 861 3874 post
874 3801 1024 3875 ιμάχεσθαι
1043 3806 1138 3875 posuit
1156 3805 1267 3860 Bekker
1286 3837 1318 3846 —
1339 3803 1366 3860 ρ’

197 3882 294 3938 ουκλ)
369 3889 419 3938 158
438 3882 557 3940 πέλοιΟ
632 3889 683 3938 159
706 3884 790 3939 eiecit
809 3885 933 3954 Koechly
1013 3891 1060 3940 161
1082 3881 1114 3940 ἐκ
1137 3883 1169 3940 δὲ
1190 3885 1311 3940 Bekker:
1337 3883 1368 3940 ἔκ

196 3983 225 4018 τε
242 3963 322 4020 οοάά.
343 3995 376 4003 -
395 3961 500 4019 τελέσει
515 3965 592 4032 Ζάν,
612 3959 668 4032 ὀψὲ
684 3966 731 4020 καλ
747 3959 886 4020 ἐκτελέσαι
905 3965 976 4020 coni.
992 3965 1091 4019 Nauck
1113 3997 1145 4006 -
1164 3967 1289 4020 τίσουσιν
1304 3967 1367 4020 Ζοιι.

197 4049 302 4098 loa-⁶
321 4043 454 4098 delendos
473 4043 582 4098 censuit
600 4045 731 4113 Bentley,
751 4045 906 4098 orationem
926 4046 1142 4114 Agamemnonis
1158 4063 1191 4100 ex
1205 4045 1312 4100 duabus
1327 4065 1367 4100 re·

196 4123 373 4180 censionibus
404 4129 544 4179 155-170
572 4127 602 4178 εί
626 4129 773 4179 155-157,
800 4129 939 4178 171-182
965 4124 1114 4180 conflatam
1143 4141 1202 4178 esse
1230 4125 1370 4193 probabat

196 4203 379 4260 Friedlflnder
396 4204 426 4258 in
444 4203 517 4261 Phil.
537 4205 574 4260 lV
590 4210 649 4271 578,
669 4206 699 4258 ολ
717 4203 781 4258 vide
801 4203 911 4258 Bekker
925 4204 1006 4260 Hom.
1021 4203 1063 4257 Bl.
1084 4205 1163 4258 1212
1234 4209 1284 4258 170
1303 4200 1368 4260 πότ-

128 4309 133 4319 ·
197 4285 324 4355 μσνΑτ.ι
344 4290 447 4355 μοῖραν
465 4285 546 4340 codd.
629 4289 678 4338 171
700 4287 751 4338 καί
766 4304 828 4339 νυνι
848 4275 866 4354 η’
886 4303 936 4339 κεν
956 4284 1065 4339 Charax
1083 4284 1112 4338 in
1133 4285 1253 4339 Beklzeri
1272 4305 1308 4340 an
1326 4305 1367 4357 gr.

197 4369 320 4498 1Α15ῗί-
341 4359 497 4499 ἐλέἔςστος
511 4364 605 4420 θυσίαι
626 4359 782 4433 ἐλέγχιστος
795 4364 845 4418 καὶ
860 4360 1017 4434 ἐλέγχιστον
1032 4363 1079 4421 Ar.
1172 4371 1221 4420 173
1241 4367 1369 4438 λίποιμεν

228 4465 236 4496 2
281 4463 362 4498 ποιεν
430 4487 436 4499 .
