3280 5104
778 409 1016 476 -158-

398 571 491 646 Have
518 581 548 634 at
574 566 680 633 facia·
714 575 780 653 uni,
812 575 864 652 qui
891 573 1065 652 obstrepere
1093 573 1224 654 videtur,
1258 572 1321 633 loco
1353 573 1384 634 Φ
1416 569 1483 634 350

309 663 441 732 πτελέαι
462 690 498 731 τε
521 664 576 730 καὶ
599 663 707 732 ferlot
731 669 868 732 facillime
891 671 1036 749 digamma
1060 673 1179 732 restitui
1203 679 1310 749 petest

186 815 189 821 .
395 771 491 842 atace
522 775 582 829 tam
615 768 706 829 multa
740 776 770 830 et
802 776 861 829 tam
895 767 1043 830 luculenta
1077 768 1167 830 babet
1198 769 1307 829 indicia
1341 769 1483 847 digammi

309 865 440 947 initialis,
463 874 497 926 ut
519 866 702 946 refragantes
725 864 806 927 locos
834 867 860 928 11
881 864 955 927 467.
981 867 1008 926 Ζ
1033 864 1094 928 101
1111 893 1153 916 ==
1171 867 1202 927 Φ
1223 864 1288 928 194
1302 893 1344 916 =
1363 866 1394 926 Φ
1407 864 1482 928 411.

308 965 331 1025 Ι
354 962 426 1026 142.
456 965 487 1025 Λ
517 960 588 1025 101.
618 964 647 1023 0
674 960 747 1024 209.
775 964 813 1024 Ψ
835 961 898 1025 736
923 967 1087 1046 corrigere,
1115 965 1145 1024 A
1170 960 1234 1026 705
1257 965 1397 1025 damnare
1421 983 1482 1025 non

309 1061 484 1142 dubitarim;
507 1062 634 1123 maiores
657 1061 850 1144 emendaturo
873 1061 1018 1141 praebent
1039 1061 1230 1124 difficultates
1253 1062 1311 1123 loci
1332 1062 1481 1142 Odysseae

309 1157 428 1239 cada.
453 1156 540 1221 142.
565 1155 638 1222 549.
662 1161 681 1220 λ
705 1157 779 1220 484.
803 1156 920 1221 (1278.

397 1255 498 1319 forda
523 1257 676 1337 fsfcopac
703 1250 823 1330 fardce'g
848 1256 964 1319 faama
992 1257 1095 1319 dubito
1123 1277 1194 1320 num
1223 1277 1363 1338 umquam
1392 1277 1479 1319 suum

309 1357 454 1434 digamma
479 1353 651 1436 abiecerint,
674 1373 732 1435 qua
756 1355 792 1416 de
816 1375 904 1417 causa
928 1356 1009 1418 locos
1033 1356 1185 1418 obstantes
1208 1359 1240 1417 A
1263 1353 1337 1418 548.
1361 1357 1388 1416 Z
1407 1353 1480 1416 367.

310 1451 436 1514 8406.
460 1454 491 1514 Λ
515 1449 580 1514 792
599 1479 641 1503 =
663 1454 691 1514 0
713 1451 889 1515 403=n
910 1451 1133 1525 86011235.
1159 1453 1308 1516 0321
1328 1451 1391 1517 421
1417 1472 1480 1514 cor-

310 1551 463 1631 rigendos,
496 1551 530 1610 Σ
557 1547 621 1613 185
653 1559 704 1612 aut
732 1552 941 1631 corrigendum
970 1560 1021 1613 aut
1049 1552 1246 1614 damnandum
1275 1570 1340 1614 esse
1369 1555 1481 1632 censui,

310 1667 407 1728 neque
435 1647 618 1710 difficiliores
646 1650 681 1711 ad
710 1649 925 1711 emendandum
949 1668 1015 1711 esse
1038 1649 1124 1710 video
1147 1649 1229 1712 locos
1252 1649 1400 1730 Odysseae
1423 1668 1483 1710 uno

311 1747 436 1808 fortasse
464 1745 529 1807 loco
553 1767 573 1828 ρ
597 1743 662 1808 573
686 1755 823 1828 excepto,
847 1766 935 1827 quem
959 1750 1056 1810 eicere
1080 1768 1169 1829 quam
1192 1751 1343 1827 corrigere
1366 1750 1483 1810 cautius

311 1863 377 1907 esse
410 1846 555 1906 duxerim.
601 1846 772 1924 Imperfecti
804 1847 932 1924 priscam
964 1854 995 1906 et
1027 1849 1186 1926 genuinam
1220 1849 1344 1908 formam
1370 1843 1483 1907 fefdsa

307 1942 403 2024 fsfdry
427 1945 554 2025 restitui,
578 1943 817 2023 quandoquidem
850 1944 928 2023 quod
953 1944 1030 2024 apud
1056 1943 1222 2006 Bekkerum
1252 1944 1360 2022 legitur
1377 1936 1483 2025 fpdao

310 2035 398 2125 fpdry
413 2060 561 2122 nusquam
577 2044 710 2120 gentium
724 2041 909 2104 audiebatur.
938 2041 1071 2120 Denique
1086 2060 1205 2102 versum
1217 2041 1243 2102 Z
1253 2038 1484 2118 151=r214,

311 2143 342 2200 in
370 2160 428 2219 quo
458 2148 559 2220 aperte
583 2140 830 2202 contradicendi
854 2157 941 2200 usum
965 2145 1120 2218 peccatum
1144 2147 1198 2220 est,
1222 2145 1324 2228 utrum
1347 2138 1483 2200 damnem

310 2255 347 2298 an
370 2240 517 2316 corrigam
541 2238 665 2319 ambigo.

398 2335 419 2414 ξ
442 2333 494 2396 97.
531 2336 564 2397 ln
588 2335 710 2398 alteram
733 2335 857 2397 classem
887 2353 921 2397 ea
945 2333 1035 2397 rerba
1060 2338 1158 2414 coegi,
1183 2353 1310 2415 quorum
1337 2335 1481 2414 digamma

309 2432 430 2515 initiale,
458 2453 525 2495 cum
549 2433 671 2495 Homeri
694 2433 880 2514 temporibus
903 2432 1040 2495 vacillare
1067 2437 1125 2495 iam
1150 2435 1311 2514 coepisset,
1339 2453 1398 2495 neu
1423 2452 1482 2494 om·

310 2531 398 2593 nibus
420 2531 556 2592 versibus
575 2551 659 2594 suam
682 2534 741 2593 nm
765 2532 894 2593 obtinuit
917 2539 969 2591 aut
990 2533 1106 2610 urigine
1129 2535 1211 2594 vocis
1235 2551 1294 2593 uon
1319 2533 1391 2592 satis
1415 2549 1481 2592 con-

310 2632 457 2692 firmatum
481 2639 536 2691 est
575 2631 687 2702 Quodsi
711 2630 852 2691 audacior
876 2628 1011 2710 fuissem,
1040 2629 1146 2691 borum
1172 2647 1290 2709 quoque
1323 2629 1481 2690 verborum

310 2734 362 2788 aut
401 2730 533 2788 omnium
575 2735 626 2789 aut
662 2727 873 2806 plerorumque
914 2725 996 2788 locos
1037 2728 1188 2788 obstantes
1226 2727 1410 2788 emendando
1446 2727 1480 2786 ad

311 2827 452 2885 amussim
485 2824 681 2905 redegissem3
714 2824 766 2886 sed
798 2822 902 2884 sedulo
936 2843 969 2886 re
1000 2833 1177 2906 perpensata
1205 2827 1323 2886 veritati
1359 2827 1483 2905 propius

310 2923 452 2984 accedere
485 2924 619 3004 cognovi,
651 2924 703 3002 qui
730 2923 958 2983 inconstantiam
991 2923 1139 3003 quandam
1167 2923 1306 3002 digammi
1338 2930 1483 2984 statueret

310 3025 340 3078 et
363 3022 538 3099 praesertim
570 3021 599 3080 in
624 3019 754 3100 Odyssea
786 3027 817 3080 et
844 3019 1062 3081 recentioribus
1089 3020 1225 3099 partibus
1254 3019 1352 3081 iliadis
1385 3023 1482 3082 minus

311 3135 433 3178 severus
475 3123 562 3176 esset.
614 3115 677 3178 Hoc
718 3135 838 3200 quoquc
879 3119 1001 3196 dignum
1044 3125 1146 3179 notatu
1183 3125 1241 3198 est,
1278 3117 1356 3197 quod
1395 3119 1481 3179 redu·

309 3212 434 3293 plicatae
459 3215 578 3296 formae,
607 3215 688 3277 velut
709 3209 847 3277 fs'foom
877 3209 1024 3278 fs'folrtu
1054 3207 1193 3276 attona
1227 3214 1369 3275 defleam
1397 3217 1482 3293 prius

311 3330 400 3391 quam
424 3313 574 3392 simplices
593 3331 741 3375 consonae
759 3312 866 3374 initiali
884 3313 1055 3374 abiciendae
1074 3310 1264 3391 inclinabant,
1282 3312 1361 3390 quod
1381 3313 1482 3372 nescio

311 3427 347 3469 an
371 3409 501 3488 analogia
527 3409 685 3472 verborum
710 3411 803 3472 vocali
826 3409 1008 3490 presthetica
1032 3417 1187 3470 auctorum
1208 3407 1306 3470 ἔεδνα
1325 3400 1481 3489 ἐὲλπομαι

311 3499 416 3587 ἐέργω
441 3509 551 3568 factum
575 3511 627 3590 sit;
651 3509 788 3570 fiduciam
813 3517 911 3570 autem
935 3510 1033 3569 anime
1057 3509 1088 3568 in
1112 3507 1167 3568 bae
1190 3525 1222 3568 re
1247 3507 1359 3567 addidit
1378 3507 1483 3568 similis

311 3607 510 3664 inconstantia
529 3606 673 3682 digamma
693 3605 821 3667 addendi
839 3613 891 3665 aut
913 3605 1051 3667 demendi
1075 3607 1105 3666 in
1130 3604 1217 3666 titulo
1240 3604 1430 3690 ldalieusium
1454 3613 1483 3664 et

311 3701 493 3764 carminibus
517 3701 615 3762 Alcaei
639 3709 669 3763 et
692 3702 830 3782 Sapphus
853 3706 1012 3781 conspicua
1037 3699 1077 3784 (v.
1096 3701 1215 3762 'fudeer
1234 3703 1270 3763 de
1290 3702 1482 3764 dialectoruur

311 3819 483 3880 graecarum
512 3800 659 3879 digammo
687 3819 714 3880 p.
741 3794 819 3883 126)
848 3808 878 3860 et
900 3800 1033 3878 analogia
1056 3799 1218 3881 duplicium
1243 3799 1404 3861 formarum
1426 3791 1483 3871 ὕες

312 3908 341 3959 et
370 3893 463 3973 σύες,
496 3897 575 3977 aldae
604 3906 634 3957 et
661 3896 760 3977 λείβω
789 3901 819 3957 in
848 3896 951 3958 eodem
981 3899 1111 3958 carmine
1141 3904 1359 3976 usurpatarum.
1407 3895 1481 3958 lluic

312 3998 403 4075 igitur
427 3995 514 4056 classi
538 3994 756 4056 adnumeranda
781 4002 863 4056 sunt:

399 4086 595 4155 favdo'vetv·
625 4093 714 4154 huius
737 4092 820 4153 verbi
843 4092 988 4171 digamma
1012 4095 1043 4153 in
1067 4085 1188 4155 εὔαδεν
1211 4089 1241 4163 Ξ
1262 4091 1336 4154 340.
1360 4093 1390 4154 Ρ
1409 4089 1481 4154 648.

311 4209 334 4252 α
358 4189 399 4252 28
428 4190 537 4252 vocalis
565 4198 700 4252 naturam
728 4190 839 4270 induit,
866 4210 990 4270 prorsus
1018 4210 1101 4252 suam
1125 4191 1183 4251 vim
1208 4192 1342 4252 amisisse
1366 4191 1483 4252 videtur

311 4292 342 4348 in
370 4307 394 4348 α
422 4287 496 4350 387.
542 4289 606 4351 Duo
634 4289 683 4350 alii
712 4291 763 4368 qui
787 4296 953 4368 repugnant
976 4289 1034 4351 loci
1062 4285 1163 4348 1141)
1187 4295 1216 4347 et
1239 4287 1271 4348 Γ
1293 4285 1356 4350 173
1378 4305 1479 4349 corru-

311 4384 406 4462 ptelae
429 4384 525 4446 labem
548 4389 673 4448 traxisse
698 4386 843 4447 ridentur.

399 4477 524 4563 fopvdc
551 4502 619 4544 cum
647 4486 695 4546 sui
722 4485 862 4563 digammi
890 4486 949 4567 vim
976 4483 1112 4562 pluribus
1140 4483 1213 4544 locis
1241 4482 1393 4564 defendat,
1423 4501 1481 4544 non
