3280 5104
640 396 878 460 -105-

174 562 266 622 luisse
298 561 477 641 exemplaria
512 559 682 622 Nitzschius
709 559 856 640 Bergliius
883 559 1084 622 Volkmannus
1116 569 1219 640 optant
1253 564 1345 641 inagis

174 677 261 740 quam
285 660 413 739 probant
421 651 683 741 ¹),'dlexandriam
705 657 799 719 delata
819 677 884 719 esse
904 661 943 720 ita
962 668 1087 739 constat,
1111 667 1143 720 ut
1162 664 1345 738 grammatici

172 756 378 838 Alexandrini,
407 758 540 838 quamvis
569 754 672 816 sedulo
702 765 832 816 vetustos
860 755 952 817 libros
980 775 1015 818 cx
1044 756 1182 818 omnibus
1205 759 1345 821 Graeciae

173 854 289 934 angulis
322 857 517 930 corraserint,
549 853 670 914 llomeri
703 862 801 914 umen
833 853 912 914 nulla
945 854 1122 932 exemplaria
1156 858 1256 916 norint
1288 839 1344 918 nlsi

172 971 249 1034 quae
273 955 387 1014 recenti
417 951 462 1013 vel
485 951 583 1013 lonica
613 954 759 1032 scriptura
784 960 901 1014 exarata
925 961 1019 1012 erant
1057 952 1223 1014 Pisistratei
1246 965 1343 1015 autem

172 1051 215 1112 illi
242 1051 427 1130 selectores,
450 1067 519 1110 curn
543 1050 659 1111 lonicae
683 1050 799 1112 litterae
822 1058 886 1111 tum
910 1052 1030 1111 omnino
1054 1052 1185 1113 nondum
1208 1055 1344 1113 inventae

172 1156 289 1231 essent,
313 1157 412 1210 vetere
435 1150 582 1227 scriptura
608 1149 737 1210 sedecim
762 1147 806 1208 vel
828 1149 929 1227 potius
952 1149 1155 1228 duodeviginti
1178 1148 1343 1211 litterarum

173 1243 226 1328 (cl.
250 1247 359 1329 Franz,
383 1247 528 1308 elementa
552 1246 757 1326 epigraphices
781 1263 903 1324 graecae
926 1267 954 1328 p.
980 1245 1020 1308 18
1044 1255 1075 1308 et
1098 1247 1264 1330 llirohholl,
1291 1249 1345 1308 Ge·

172 1345 308 1406 schicbte
332 1345 385 1406 des
403 1345 513 1423 griech.
534 1344 694 1424 dlphabets
718 1344 775 1404 tab.
795 1341 822 1425 l)
842 1363 900 1404 non
919 1348 963 1406 uti
983 1364 1042 1406 non
1061 1354 1205 1424 poterant.
1243 1346 1345 1426 Neque

171 1445 229 1506 hoe
254 1445 329 1522 lugit
354 1452 471 1504 veteres
493 1444 615 1504 criticos
639 1461 706 1504 cum
730 1443 802 1502 alios
826 1450 889 1504 tum
913 1443 1096 1504 Zenodctum
1120 1444 1345 1524 Aristophanem

170 1541 392 1621 Aristarchum,
425 1542 477 1620 qui
509 1539 694 1619 corruptelas
726 1539 935 1602 nonnullorum
969 1560 1107 1602 versuum
1141 1537 1175 1602 ἐκ
1202 1541 1261 1623 τῆς
1288 1561 1345 1604 πα-

171 1637 268 1713 λαιᾶς
291 1637 519 1720 γραμματικῆς
541 1639 697 1718 repetiisse
721 1637 831 1699 scholia
855 1637 964 1700 Veneta
989 1647 1019 1699 et
1042 1639 1196 1719 Porphyrii
1220 1641 1258 1700 H
1272 1639 1345 1703 238.

171 1739 204 1800 A
234 1737 306 1800 104,
338 1737 369 1796 Φ
404 1733 476 1797 127.
504 1758 524 1796 α
554 1733 619 1798 275
647 1734 815 1796 luculenter
842 1730 991 1816 docent2).
1037 1737 1095 1798 Sed
1124 1757 1183 1816 quo
1213 1746 1345 1817 tempore

172 1838 363 1915 transcriptic
388 1834 435 1896 illa
460 1855 494 1896 ex
520 1844 618 1896 vetere
637 1836 666 1894 in
691 1851 797 1894 noram
820 1832 1015 1896 litteraturam
1040 1835 1115 1896 lacta
1139 1838 1177 1896 sit
1201 1845 1251 1896 aut
1275 1855 1345 1897 num

161 1919 276 1994 'omnes
300 1936 353 2013 qui
371 1935 401 1994 in
421 1932 648 1994 Alexandrinam
667 1931 876 1992 bibliothecam
895 1935 1028 2010 congesti
1049 1940 1120 1994 sunt
1138 1932 1207 1994 libri
1225 1933 1344 1995 llcnseri

171 2053 208 2093 ex
228 2039 297 2112 uuo,
316 2035 347 2092 in
367 2051 426 2112 quo
446 2034 541 2112 primo
561 2050 634 2093 nova
653 2031 819 2092 litteratura
834 2039 976 2110 usurpata
991 2031 1055 2112 luit,
1073 2032 1235 2110 exemplari
1249 2052 1344 2093 mana·

172 2132 278 2210 verint,
293 2149 389 2210 noque
409 2130 450 2191 illi
470 2129 631 2210 quidquam
649 2131 809 2190 memoriae
824 2127 1019 2208 prodiderunt
1038 2147 1133 2208 neque
1150 2147 1203 2189 nos
1218 2132 1248 2190 in
1265 2137 1345 2190 tanto

172 2240 307 2290 veterum
318 2227 562 2289 bibliothecarum
573 2229 726 2308 naufragio
736 2245 867 2306 unquam
878 2226 1105 2306 explorahimus.
1129 2229 1345 2308 llluderplora-

172 2337 235 2388 tum
255 2335 301 2386 est
321 2345 379 2386 non
400 2328 470 2386 satis
490 2327 705 2406 circumspecte
723 2326 789 2387 illos
804 2327 856 2406 qui
870 2326 1088 2388 transcribendi
1104 2335 1218 2388 veteres
1233 2327 1346 2388 litteras

172 2443 275 2486 euram
300 2430 497 2502 susceperunt
520 2441 574 2484 suo
598 2425 695 2486 officio
720 2424 837 2484 iunctos
861 2442 927 2484 esse
951 2433 980 2484 et
1003 2422 1081 2486 haud
1104 2444 1197 2504 pauca
1221 2427 1290 2484 vitia
1310 2444 1345 2484 ex

172 2525 300 2584 istorum
328 2520 481 2582 erroribus
510 2529 628 2582 nostros
660 2521 751 2582 libros
779 2521 899 2583 llomeri
929 2521 1082 2583 insedisse.
1133 2521 1216 2583 llulti
1236 2529 1345 2584 nostra

173 2622 315 2682 memoria
335 2619 390 2679 hoc
410 2617 586 2679 emendandi
605 2619 783 2680 adminiculo
803 2621 850 2680 usi
868 2628 939 2680 scint
955 2629 985 2680 et
999 2621 1096 2680 critici
1110 2627 1140 2680 et
1153 2622 1346 2700 grammatici,

173 2739 208 2780 ex
223 2735 351 2799 quornm
368 2733 491 2777 numero
506 2715 628 2777 honoris
642 2736 730 2778 causa
745 2720 865 2778 nomino
875 2717 1090 2797 Cobetum,qui
1105 2720 1134 2777 in
1150 2717 1346 2778 miscellaneis

173 2818 287 2877 criticis
310 2835 337 2894 p.
362 2811 426 2874 289
442 2833 505 2894 sqq.
530 2815 693 2894 permultos
718 2816 799 2876 locos
822 2815 876 2876 bac
902 2818 944 2876 via
965 2817 1117 2895 ingeniose
1137 2808 1291 2896 sanarit³),
1315 2826 1345 2876 et

173 2911 448 2990 Wackernagelinm
463 2912 671 2993 basileensem,
689 2915 786 2992 quiin
801 2915 1056 2994 commentatione,
1077 2912 1128 2972 uie
1143 2913 1263 2991 epische
1278 2912 1345 2973 Zer-

174 3013 322 3090 debnung,
337 3013 368 3070 in
382 3008 614 3088 Bezzenbergeri
628 3010 717 3071 lleitr.
732 3009 769 3070 lV
779 3007 956 3072 atta-275
970 3019 1038 3071 nota
1054 3019 1084 3070 et
1098 3017 1196 3070 vetera
1212 3010 1345 3088 exempla

175 3109 262 3169 huius
291 3106 478 3185 corruptelae
506 3110 656 3185 congessit
684 3116 714 3168 et
742 3127 776 3168 ex
802 3116 938 3169 accurata
962 3109 1169 3186 grammaticae
1193 3127 1343 3187 compara-

174 3209 248 3267 tirae
277 3207 515 3285 perscrutatione
544 3223 618 3266 nova
641 3206 762 3267 addidit.
808 3204 872 3276 Qua
896 3205 933 3266 de
956 3223 1044 3265 causa
1067 3225 1153 3266 nemo
1178 3206 1346 3289 mirabitur,

175 3356 387 3365 —-.---—·

264 3435 291 3498 1)
310 3430 370 3485 Hoc
389 3447 444 3485 non
462 3429 504 3486 ita
522 3430 598 3498 dico,
622 3433 655 3485 ut
672 3431 738 3486 aute
756 3429 936 3485 Pisistratum
955 3428 1025 3483 nihil
1044 3431 1197 3484 carminum
1217 3432 1344 3487 Homeri·

175 3527 271 3567 corum
299 3509 402 3566 littaris
431 3511 595 3565 mandatnm
623 3527 682 3566 esse
706 3509 873 3565 contendam
897 3512 948 3564 aut
975 3509 1124 3565 verisimile
1148 3528 1208 3565 esse
1231 3512 1345 3580 ducam3

175 3609 288 3662 prorsus
312 3590 387 3646 enim
411 3589 440 3643 in
463 3590 516 3645 hac
539 3607 569 3644 re
588 3591 725 3646 assentior
744 3588 874 3656 behrsio,
897 3590 932 3644 de
952 3590 1025 3660 stud.
1044 3588 1144 3645 Arich’
1162 3609 1188 3660 p.
1208 3597 1260 3646 443
1281 3611 1345 3662 pru-

174 3669 336 3726 dentissime
359 3669 432 3723 hanc
455 3668 650 3737 quaestionem
674 3669 855 3740 expenderim
882 3673 913 3724 at
937 3671 966 3725 et
988 3670 1042 3726 lide
1066 3670 1292 3726 testimoniorum
1315 3675 1344 3726 et

173 3768 265 3805 rernm
274 3747 476 3818 probabilitate
486 3752 597 3804 constat
607 3749 783 3804 Pisistratum
794 3749 915 3820 primum
925 3751 1015 3805 totam
1026 3750 1142 3805 Iliadem
1153 3754 1182 3804 et
1192 3751 1344 3819 Odysseam

172 3829 287 3900 publica
310 3827 478 3884 anctoritate
501 3829 714 3885 conscribendas
738 3847 847 3884 curasse
871 3831 900 3883 et
922 3831 958 3884 ad
983 3830 1055 3884 illud
1073 3831 1215 3900 exemplar
1233 3847 1344 3885 omnem
1439 3867 1442 3872 -

172 3909 355 3965 traditionem
374 3907 540 3977 scriptarum
560 3909 657 3963 iliadis
676 3910 705 3964 et
724 3909 864 3980 Odysseae
883 3911 1069 3966 revocandam
1089 3929 1156 3965 esse.
1194 3909 1344 3965 Praeterea

173 3990 247 4045 addo
270 3989 352 4059 opica
373 3986 499 4042 emmina
517 3985 604 4042 etiam
622 3990 749 4060 tempore
768 3989 866 4058 hymni
884 3989 1022 4058 Apollinis
1041 3989 1128 4058 Delii,
1148 3991 1246 4059 utpote
1265 3990 1343 4044 cuins

173 4073 271 4124 auctor
285 4068 428 4122 oculorum
442 4068 504 4122 visu
519 4084 548 4122 se
563 4069 684 4124 caruisse
699 4069 783 4136 dicct,
797 4070 826 4124 id
841 4071 885 4125 est
898 4070 971 4124 circa
986 4071 1022 4126 ol.
1033 4077 1067 4124 29
1078 4071 1142 4124 viva
1151 4086 1219 4124 voce
1229 4069 1344 4139 rhapso-

174 4149 282 4214 dorum,
301 4164 355 4201 non
374 4146 501 4202 litterata
519 4150 655 4204 memoria
672 4151 830 4221 propagata
848 4166 909 4205 esse
927 4149 1030 4215 videri;
1050 4149 1144 4204 confer
1157 4165 1241 4218 supra
1255 4168 1281 4220 p.
1300 4156 1343 4204 93.

261 4239 290 4306 2)
310 4235 351 4292 Oi.
376 4235 639 4291 commentationem
664 4255 768 4307 meam,
792 4239 844 4292 Die
866 4240 967 4294 alteste
990 4238 1268 4309 Textdberlielernng
1294 4240 1343 4295 des

176 4317 280 4372 Pindar
298 4317 326 4371 in
345 4315 419 4372 Phil.
439 4315 515 4370 XXV
535 4323 587 4372 608
605 4335 664 4386 sqq.

259 4407 288 4476 3)
308 4404 369 4469 Quo
395 4406 455 4458 iure
474 4401 595 4460 (lebetas
620 4407 793 4463 Zenodotum
815 4408 935 4478 primum
958 4403 1069 4460 litteras
1093 4407 1194 4462 atticas
1218 4409 1342 4464 veterum

176 4487 311 4542 librorum
330 4485 360 4540 in
379 4483 486 4539 ionicae
505 4487 712 4558 transcripsisse
732 4487 842 4556 dixerit,
861 4487 954 4540 nullus
974 4485 1103 4554 equidem
1122 4486 1212 4543 video.
