3276 5090
663 375 885 440 ..55-

182 537 412 618 Beniclrenium,
439 546 596 617 postquam
625 539 661 600 ab
685 538 801 600 Holmio
828 547 858 598 et
880 537 1022 598 lloeclrlio
1045 537 1279 600 demonstratum
1304 546 1358 618 cst,

183 636 296 713 fugisse
315 635 474 697 admodum
493 638 593 698 miror.
601 632 626 718 ¹)
665 635 771 698 Procul
790 639 869 696 enim
888 635 978 696 dubio
998 639 1110 697 rectius
1129 636 1239 697 llector
1257 636 1358 696 Troia·

181 751 237 792 nos
266 743 297 792 et
323 733 451 796 Achivos
480 753 566 794 versu
594 734 626 796 Γ
650 733 692 796 86
721 734 867 794 allocutus
894 741 953 810 est,
981 742 1015 794 ut
1043 736 1177 812 utrisque
1201 733 1357 795 consilium

182 829 300 892 Paridis
328 832 471 912 aperiret,
499 849 587 910 quam
615 831 654 891 H
672 828 729 910 qt,
757 831 808 892 ubi
832 831 958 891 Achivos
986 831 1064 892 solos
1087 831 1123 892 ad
1146 849 1276 909 pugnam
1299 833 1357 890 sin-

180 925 317 1006 gularem
350 937 503 1008 provocat3
536 931 648 990 rectius
680 928 759 988 idem
788 945 875 988 versu
902 928 935 989 Γ
956 927 997 989 16
1023 944 1201 1007 magnopere
1228 927 1357 1004 gaudere

181 1025 309 1104 dicitur,
342 1025 393 1086 uhi
420 1025 556 1086 Paridem
589 1028 703 1104 ignavia
737 1024 852 1086 abiecta
884 1026 1002 1086 lortiter
1030 1045 1061 1085 se
1089 1026 1299 1087 dimicaturum
1327 1033 1358 1084 et

181 1122 303 1182 lunesto
327 1122 404 1183 hello
428 1125 516 1184 linem
541 1126 749 1203 impositurum
775 1123 895 1203 audivit,
920 1143 1007 1202 quam
1027 1123 1066 1184 H
1080 1121 1131 1204 54,
1157 1123 1207 1184 ubi
1226 1123 1356 1184 Helenus

182 1221 276 1280 irater
300 1223 398 1299 ipsum
422 1222 458 1282 ad
482 1240 610 1301 pugnam
633 1224 767 1283 incitavit
790 1231 820 1282 et
843 1221 931 1282 dubia
956 1223 1162 1283 vaticinatione
1185 1220 1260 1281 nihil
1279 1220 1355 1282 ultra

181 1318 281 1396 fugam
300 1321 406 1380 mortis
424 1317 574 1397 pollicitus
594 1328 652 1400 σείς
671 1318 825 1380 evidenter
839 1317 967 1399 denique
982 1327 1087 1379 auctor
1101 1317 1169 1379 libri
1184 1319 1223 1378 H
1237 1335 1355 1378 versum

181 1414 219 1508 1⁷⁸
241 1411 281 1475 19
307 1406 464 1495 Ἀργείων
496 1417 709 1499 προκαλίζετο
741 1409 868 1488 πάντας
896 1409 1068 1496 άρίστονς,
1102 1435 1170 1478 cum
1203 1419 1233 1476 in
1267 1435 1354 1477 suum

180 1530 269 1572 usum
299 1530 367 1573 eum
396 1522 597 1595 converteret,
624 1513 778 1594 paululum
805 1517 971 1575 immutavit
1000 1515 1103 1574 dicens
1130 1505 1354 1594 προκάλεσσαι

180 1599 322 1688 'figurula
347 1600 385 1682 ὅς
406 1629 456 1682 τις
479 1602 624 1690 ἄριστος,
648 1620 737 1672 utne
757 1612 815 1672 duo
834 1629 870 1672 ex
889 1613 977 1672 tertio
997 1611 1073 1672 libro
1093 1613 1204 1690 sumpti
1222 1619 1254 1670 et
1273 1612 1353 1671 iuxta

183 1725 215 1764 se
239 1709 330 1784 positi
353 1724 458 1768 versus
486 1708 524 1768 H
546 1707 695 1770 49=r
718 1707 760 1770 68
792 1718 822 1768 et
849 1706 1054 1770 H50=r
1076 1705 1116 1769 19

314 1796 438 1878 ἄλλους
460 1799 522 1885 μὲν
545 1799 691 1868 κάθισον
718 1804 833 1886 Τρῶας
853 1801 910 1866 καλ
933 1801 1058 1879 πάντας
1078 1796 1230 1884 Ἀχαιούς

315 1893 416 1976 αὐτὸς
439 1896 477 1964 dl
499 1896 724 1984 προκάλεσσαι
744 1895 884 1983 Ἀχαίαν
907 1896 1033 1975 πάντας
1056 1894 1214 1983 ἀρίστους

180 2001 211 2060 in
244 2000 371 2061 similem
404 1999 565 2061 clausulam
593 2009 795 2060 excurrerent.
846 2000 907 2060 lam
939 2018 1009 2060 vero
1041 2002 1068 2060 si
1099 2007 1202 2060 auctor
1235 1999 1353 2075 septimi

181 2095 248 2156 libri
286 2099 408 2158 tertium
445 2101 526 2158 novit
560 2106 591 2158 et
628 2100 734 2158 tertius
769 2114 837 2156 cum
874 2106 980 2175 quarto
1011 2099 1176 2157 arctissime
1213 2095 1352 2156 cohaeret

181 2200 210 2253 et
246 2196 370 2273 quintus
402 2213 460 2256 une
484 2213 552 2256 cum
589 2203 696 2274 quarto
732 2195 872 2254 inventus
904 2203 962 2274 est,
999 2193 1134 2255 solumne
1167 2201 1200 2254 tu
1232 2211 1351 2254 carmen

182 2291 260 2352 istud
298 2293 335 2352 de
372 2311 472 2371 pugna
504 2291 641 2353 liectoris
674 2299 704 2352 et
736 2292 833 2352 Aiacis
870 2311 886 2351 a
923 2290 1046 2372 reliquis
1079 2291 1226 2353 divulsum
1260 2291 1351 2352 luisse

180 2389 298 2469 credes,
337 2397 389 2449 aut
425 2408 493 2449 cum
524 2389 589 2450 aliis
622 2388 799 2468 quibusdam
831 2388 1027 2470 carminibus,
1061 2407 1136 2469 quae
1169 2397 1202 2449 tu
1235 2407 1350 2449 mecum

146 2477 160 2484 ³
180 2489 306 2567 ignoras,
330 2486 399 2547 olim
423 2490 616 2572 coniunctum
635 2489 726 2548 luisse
745 2484 996 2546 hallucinaberis?
1018 2485 1164 2564 Equidem
1183 2487 1349 2563 praeseutia

179 2583 328 2644 mehercle
352 2593 382 2644 et
406 2603 473 2645 vera
498 2587 620 2646 remotis
643 2593 673 2645 ct
697 2585 774 2644 lictis
797 2583 933 2662 praelero
956 2591 987 2642 et
1009 2591 1125 2662 poetam
1149 2584 1201 2660 qui
1220 2587 1349 2642 veterem

178 2681 298 2742 lliadern
323 2681 483 2743 infeliciter
506 2683 729 2762 amplificaverit
751 2681 844 2741 multo
867 2683 960 2758 magis
984 2679 1086 2760 probo,
1110 2697 1199 2759 quam
1217 2679 1350 2740 diasceu-

176 2789 270 2840 astam
286 2781 490 2860 nescioquem
506 2783 635 2841 carmina
651 2779 809 2857 singularia
825 2785 856 2838 et
866 2785 1000 2856 separata
1010 2779 1041 2838 in
1052 2779 1195 2838 unitatem
1204 2775 1350 2855 praeclari

176 2879 323 2956 poematis
346 2895 470 2955 prorsus
494 2880 578 2938 noris
597 2879 731 2938 artificiis
750 2883 780 2936 et
798 2876 967 2953 praestigiis
988 2877 1226 2953 coniungentem.
1263 2873 1349 2934 lieni·

178 2993 235 3054 que
255 2974 438 3036 Lachmanni
462 2973 577 3055 placita,
601 2992 669 3036 oum
693 2977 823 3034 minores
846 2972 1036 3032 difficultates
1054 2972 1157 3032 tollere
1178 2969 1349 3052 moliuntur,

176 3074 304 3132 maiores
332 3075 453 3150 pariunt
476 3090 531 3132 nec
559 3073 618 3132 nisi
640 3073 739 3149 specie
763 3073 826 3130 veri
850 3069 961 3130 lallunt.
1007 3069 1139 3148 Namque
1163 3077 1193 3130 ct
1217 3077 1348 3148 tempora

176 3187 279 3231 sectum
305 3169 448 3250 serebant,
473 3177 506 3230 ut
529 3179 628 3250 poeta,
651 3187 719 3228 cum
743 3166 759 3227 ri
782 3167 949 3228 minorihus
972 3166 1155 3226 carminibus
1178 3166 1213 3226 ad
1237 3168 1348 3245 grande

176 3285 279 3344 poema
304 3266 442 3346 pluribus
465 3265 549 3326 libris
577 3266 794 3326 conterendum
818 3265 1062 3344 progrederetur,
1091 3269 1190 3324 tamen
1218 3263 1348 3342 singulas

175 3373 275 3442 partes
300 3367 366 3425 eius
389 3367 429 3424 ita
453 3373 654 3441 componeret,
677 3371 711 3423 ut
733 3365 858 3422 seorsim
877 3379 995 3440 quoque
1015 3379 1067 3420 eae
1086 3362 1198 3420 cantui
1218 3369 1348 3442 possent,

175 3471 205 3521 et
233 3459 375 3522 felicitate
403 3462 514 3539 ingenii
543 3463 650 3521 summi
678 3469 782 3540 poetae
806 3462 890 3540 satis,
921 3461 1039 3538 opinor,
1063 3466 1182 3520 cautum
1206 3468 1282 3541 erat,
1310 3477 1347 3520 ne

174 3562 307 3620 carmina
340 3560 537 3619 vetustiorum
569 3565 724 3635 poetarum
756 3560 870 3634 integra
903 3575 958 3617 suo
991 3559 1074 3636 operi
1102 3559 1262 3637 intexeret,
1294 3556 1346 3617 sed

174 3657 402 3716 transformaret
425 3675 458 3716 ea
483 3673 613 3733 suaeque
637 3656 709 3714 artis
733 3661 802 3714 nota
825 3656 963 3733 signaret.

420 3831 469 3884 De
493 3829 616 3910 ordine,
636 3828 873 3898 chronologico
897 3828 1096 3886 carminum.

263 3949 285 4024 ξ
308 3946 360 4009 31.
396 3946 558 4027 Postquam
581 3948 670 4008 etad
694 3949 838 4009 unitatem
862 3949 951 4008 unius
975 3949 1119 4024 poematis
1143 3945 1257 4022 singula
1281 3963 1344 4006 car·

175 4049 252 4106 arina
277 4045 377 4106 lliadis
405 4047 562 4106 coniuncta
591 4045 684 4106 videri
712 4053 743 4106 et
769 4045 836 4123 plus
860 4063 919 4105 uno
943 4045 1061 4104 nomine
1085 4042 1187 4102 eadem
1210 4044 1289 4102 inter
1312 4062 1343 4104 se

173 4143 345 4222 discrepare
375 4142 656 4223 demonstravimus,
689 4143 837 4222 reliquum
866 4150 925 4220 est,
957 4149 991 4201 nt
1017 4139 1166 4219 quomodo
1193 4139 1248 4200 hae
1276 4141 1343 4202 lites

173 4241 312 4320 componi
335 4242 451 4318 possint
475 4257 659 4318 quaeramus.
698 4239 756 4300 Sed
780 4242 954 4319 priusquam
976 4237 1012 4298 ad
1036 4236 1112 4296 hanc
1140 4236 1343 4300 difficillimam

174 4339 379 4417 quaestionem
402 4336 613 4398 enucleandam
636 4350 690 4398 nos
713 4341 910 4416 accingamus,
933 4333 1125 4412 comprobare
1149 4351 1203 4396 nos
1226 4345 1343 4416 oportet

175 4441 277 4514 partes
298 4433 399 4496 lliedis
427 4453 486 4494 non
515 4433 631 4515 eodem,
659 4453 718 4514 quo
745 4437 777 4494 in
804 4434 937 4513 perlecto
965 4451 1054 4512 opere
1082 4432 1240 4496 collocatae
1264 4445 1342 4517 sunt,
1454 4483 1461 4495 .
