3280 5104
634 409 872 474 -109-

165 569 272 630 scribis
295 569 535 648 quotidianarum
559 571 720 632 lectionum
743 573 940 634 sectatoribus
964 591 1022 633 non
1042 571 1206 637 debeantur
1225 585 1256 637 et
1274 576 1339 638 aliis

165 665 237 727 locis
267 686 415 729 consensu
444 669 580 730 codicum
609 670 825 731 conllrmentur
852 670 980 732 litteram
1009 673 1028 731 λ
1056 671 1145 732 huius
1173 673 1256 735 verbi
1279 693 1338 736 non

165 764 260 826 solum
289 769 315 826 si
343 766 483 847 augendi,
512 767 564 826 sod
593 769 681 828 etiam
705 770 730 828 si
753 767 882 829 debendi
905 771 963 830 rim
987 768 1088 850 babet,
1116 774 1338 854 geminantium,

166 861 244 923 velut
268 855 441 944 ὀφέλλειεν
465 864 499 924 Π
523 860 596 925 651.
621 864 642 944 β
661 862 735 945 334,
759 856 902 945 ὄφελλεν
919 870 951 928 Α
970 863 1043 928 363.
1068 886 1093 946 φ
1115 866 1165 948 17,
1188 861 1338 949 ὀίφελλεν

163 961 190 1020 Ζ
214 959 289 1022 350.
315 963 353 1022 H
372 959 446 1024 390.
471 961 500 1020 Ρ
520 959 593 1023 686.
618 963 653 1022 Σ
676 960 726 1043 19,
749 953 903 1043 ὤφελλον
926 963 959 1024 Ω
979 961 1052 1044 764,
1076 957 1223 1045 ὤφελλες
1240 963 1270 1036 ,Ξ
1287 965 1338 1046 84,

163 1049 321 1138 ὀφέλλετε
354 1060 384 1118 Τ
404 1056 482 1138 200,
512 1048 647 1137 ὀφέλλει
669 1063 696 1120 θ
719 1057 792 1121 332.
816 1059 890 1122 462.
937 1060 1090 1122 Rediimus
1115 1065 1206 1142 igitur
1229 1066 1258 1124 in
1283 1063 1339 1124 bac

162 1175 195 1217 rs
228 1156 263 1216 ad
293 1155 466 1216 hottmanni
498 1157 689 1238 sententiam,
722 1159 773 1236 qui
804 1159 835 1218 in
868 1177 990 1238 gramm.
1023 1162 1133 1220 maiore
1161 1159 1187 1220 ll
1215 1180 1243 1241 p.
1272 1159 1337 1222 262

162 1253 301 1314 omnibus
334 1253 406 1313 locis
440 1251 588 1330 duplicem
621 1253 761 1333 liquidam
794 1255 884 1318 buius
916 1256 999 1318 verbi
1027 1258 1240 1319 restituendam
1271 1277 1337 1320 esse

161 1353 288 1413 censuit.
335 1350 490 1410 Praeterea
523 1368 591 1410 curu
622 1352 818 1430 Aristophane
851 1356 950 1432 potius
983 1362 1094 1435 χρεῖος
1128 1347 1275 1435 ὀφείλετ’
1306 1355 1337 1416 Λ

162 1447 228 1510 686
253 1467 343 1529 qrtarn
367 1467 434 1510 cum
455 1448 627 1509 Aristarcho
650 1444 754 1530 χρέως
777 1441 929 1531 ὀφείλετ’
954 1450 1054 1530 legere
1079 1452 1245 1534 maluimus,
1269 1455 1338 1532 qula

163 1545 325 1608 homerum
360 1565 447 1626 quam
480 1545 641 1624 plurimum
673 1550 771 1626 potuit
803 1548 839 1609 ab
867 1552 1069 1611 contractione
1099 1539 1243 1611 vocalium
1272 1568 1337 1610 sese

162 1643 344 1705 abstinuisse
368 1645 513 1704 norimus.

252 1739 382 1803 ἒδδεισε
410 1760 446 1801 an
476 1739 581 1802 ἔδεισε
611 1743 642 1801 A
669 1739 720 1804 33.
748 1739 823 1805 568.
853 1743 884 1805 Γ
902 1742 981 1825 418,
1009 1743 1278 1825 περιδδείσαντες
1300 1765 1337 1806 an

162 1837 411 1922 περιδείσαντες
433 1837 464 1898 Λ
487 1834 561 1900 508.
588 1838 620 1898 Φ
642 1836 721 1919 328,
748 1832 1008 1916 ὑποδδείσαντες
1037 1861 1073 1904 an
1101 1833 1338 1916 ὑποδείσαντες

162 1939 205 1999 Μ
223 1936 299 2000 413.
324 1937 357 1996 Σ
376 1933 447 2016 199,
470 1926 587 2008 ἀδδεές
610 1953 647 1996 an
671 1926 764 2010 ἀδεές
782 1939 810 1998 Θ
831 1936 896 2000 423
920 1939 1111 2000 scribendum
1130 1947 1219 2020 esset,
1237 1959 1334 2019 gram-

164 2038 288 2096 maticos
316 2034 385 2094 olim
414 2036 492 2094 inter
516 2051 548 2094 se
572 2033 732 2096 dissedisse
757 2038 924 2097 testimonia
948 2036 1129 2098 scholiorum
1153 2057 1168 2097 a
1193 2037 1338 2098 barochio

161 2134 246 2194 Hom.
270 2132 392 2193 Teuthr.
416 2151 445 2211 p.
470 2128 532 2193 178
556 2140 586 2192 et
608 2129 674 2194 390
698 2133 819 2194 collecta
843 2133 952 2195 allatim
977 2134 1091 2195 docent.
1138 2135 1336 2214 Aristarchus,

161 2251 231 2293 cum
256 2232 385 2310 linguam
405 2247 540 2309 graecam
560 2238 657 2290 mutas
676 2239 874 2292 consonantes
894 2231 1051 2294 verborum
1070 2232 1249 2311 simplicium
1268 2252 1336 2294 raro

161 2333 313 2409 geminare
335 2327 456 2406 videret,
475 2345 563 2388 unam
583 2326 712 2388 litteram
731 2324 752 2387 δ
767 2326 953 2389 scribendam
969 2347 1035 2388 esse
1049 2332 1166 2390 censuit
1180 2329 1231 2407 (cl.
1246 2330 1337 2391 schol.

161 2429 197 2488 ad
226 2430 254 2488 Θ
281 2423 355 2488 423.
386 2425 414 2485 0
443 2423 514 2485 123.
544 2421 564 2484 δ
588 2419 659 2506 37);
687 2425 806 2486 codices
835 2426 896 2488 lere
925 2445 1028 2487 omnes
1051 2429 1166 2505 gemina
1191 2425 1334 2489 litterad

160 2527 331 2605 occuparit,
359 2525 419 2584 sive
448 2523 520 2582 baec
549 2525 670 2602 antiqua
698 2531 728 2584 ot
755 2522 884 2602 vulgaris
911 2525 999 2586 lectio
1024 2524 1079 2584 luit
1102 2523 1138 2584 ab
1161 2524 1335 2584 Aristarcho

160 2623 283 2702 expulsa
307 2623 369 2682 sire
392 2620 515 2700 probata
539 2619 576 2680 ab
598 2638 634 2680 eo
658 2623 859 2702 grammatico,
882 2643 898 2683 a
918 2641 976 2702 quo
996 2619 1146 2701 exemplar
1163 2631 1335 2683 nostrorum

161 2724 299 2784 codicum
329 2720 509 2780 adornatum
547 2725 601 2778 cst.
646 2717 706 2778 Nos
744 2719 831 2780 fidem
869 2723 965 2782 secuti
1002 2719 1080 2780 tituli
1118 2719 1276 2800 Corinthii,
1320 2739 1336 2780 a

161 2821 321 2899 Lolllngio,
350 2813 565 2878 biitlheil.⁰des
594 2815 673 2876 arch.
702 2815 795 2878 instit.
827 2819 858 2878 in
882 2818 977 2878 Athen
1001 2815 1013 2876 l
1036 2815 1080 2878 40
1102 2819 1231 2896 primum
1255 2818 1337 2897 editi,

160 2917 311 2979 ἔδδεισεν
326 2932 397 2994 περι
403 2911 593 2986 cretosum
606 2904 866 2988 decessissent
881 2915 987 2976 similia
1002 2915 1147 2975 exaranda
1158 2917 1335 2976 curavimus

253 3013 365 3075 Similis
381 3022 427 3073 est
441 3030 528 3072 causa
544 3011 703 3072 verborum
717 3003 805 3092 ἅδην
820 3021 850 3072 et
864 3004 1035 3094 ἆδηιιότες,
1053 3031 1129 3092 quac
1144 3012 1335 3073 Aristarchus

161 3133 234 3193 una,
262 3112 360 3172 Nicias
388 3113 597 3188 grammaticus
620 3118 651 3170 ct
674 3128 743 3190 pars
767 3110 915 3190 codicum,
940 3112 966 3170 si
989 3112 1084 3190 prima
1107 3110 1216 3189 syllaba
1241 3113 1334 3171 vicem

162 3212 266 3290 longae
288 3219 401 3289 tuetur,
425 3209 541 3286 gemina
564 3206 662 3268 littera
683 3205 703 3268 δ
727 3210 921 3287 scripserunt.
938 3251 944 3260 .
960 3206 1068 3268 Verum
1092 3198 1202 3286 ίίίδην
1223 3209 1253 3268 Ε
1270 3205 1335 3268 203

162 3319 191 3370 et
220 3298 416 3388 δίδηιιότες,
447 3325 523 3386 quae
552 3303 622 3366 olim
649 3323 915 3386 proposueramus,
943 3304 1076 3365 scribare
1105 3323 1164 3365 non
1187 3308 1245 3366 iam
1270 3306 1336 3365 ausi

162 3425 279 3486 sumus,
308 3406 414 3465 merito
439 3405 597 3483 vituperati
620 3403 676 3463 hoc
700 3405 819 3464 nomine
843 3423 858 3464 a
882 3402 980 3462 Leone
1005 3400 1114 3462 hieiaro
1138 3401 1172 3464 ll.
1196 3402 1225 3462 Z.
1253 3402 1335 3463 xxti

160 3501 224 3564 467
260 3503 382 3563 latinum
417 3496 523 3561 ‘satur’
557 3509 588 3561 et
620 3503 821 3578 germanicum
854 3494 935 3560 ‘satt’
967 3501 1067 3578 potius
1095 3517 1183 3578 quarn
1212 3499 1335 3560 latinum

164 3596 305 3661 ‘avidum’
334 3608 364 3660 ot
392 3601 570 3659 sanseritum
599 3591 698 3658 ‘arati‘
726 3615 794 3658 cum
817 3615 925 3675 graeco
948 3588 1036 3677 ἅδην
1059 3607 1089 3658 et
1112 3588 1232 3677 ἱέμεναι
1257 3615 1335 3657 com·

164 3707 294 3778 parante.
340 3696 447 3757 Nescio
472 3705 577 3776 tamen,
602 3713 638 3755 on
663 3693 799 3774 ambigua
822 3704 927 3756 natura
950 3695 1059 3756 vocalis
1082 3716 1103 3755 α
1127 3696 1335 3773 correptaein

162 3788 250 3877 ἅδην
275 3796 311 3857 Ν
333 3791 407 3856 315.
435 3793 464 3854 T
483 3791 556 3854 423.
580 3813 595 3854 ε
614 3789 689 3873 290,
712 3783 794 3866 ἅδος
812 3793 843 3853 Λ
863 3790 905 3854 88
925 3786 981 3876 (l),
1005 3784 1122 3866 ἆδινός
1140 3792 1168 3853 Β
1189 3789 1239 3852 87.
1259 3789 1334 3872 469,

163 3895 325 3975 productae
354 3893 385 3952 in
413 3881 501 3970 ἄδην
529 3891 560 3949 Ε
587 3887 652 3950 203
680 3897 710 3950 et
737 3879 897 3969 ἆδηκότες
925 3889 958 3950 Κ
986 3885 1233 3951 98312399.
1258 3887 1336 3950 471.

163 3991 289 4073 μ281,
321 3980 478 4067 ἁδήσειεν
505 4007 527 4046 α
558 3985 620 4048 134
644 4005 707 4052 ,εισι
740 4005 798 4048 non
827 3987 983 4048 dissidium
1011 3988 1270 4066 grammaticorum
1299 3987 1335 4046 de

163 4093 272 4169 spiritu
306 4105 411 4166 aspero
441 4084 486 4145 rel
513 4084 573 4146 loni
599 4085 646 4146 bis
674 4085 773 4146 verbis
800 4083 990 4164 praefigendo
1018 4083 1187 4144 testimonio
1217 4085 1277 4143 sint
1304 4086 1335 4144 in

162 4206 269 4268 graeco
293 4203 430 4246 sermone
455 4183 570 4244 radices
593 4201 630 4244 an
653 4191 683 4244 et
706 4201 752 4264 sa,
775 4191 932 4263 postquam
956 4178 1071 4241 litterae
1096 4187 1165 4240 oet
1182 4180 1205 4239 f
1223 4183 1334 4242 sensim

163 4301 342 4347 evanescere
365 4291 538 4363 coeperunt,
562 4283 640 4342 iuter
663 4301 694 4341 se
718 4283 858 4342 contusas
881 4297 956 4339 esse.

251 4379 347 4460 560.
401 4379 433 4440 ln
466 4378 586 4458 liquidis
618 4397 738 4457 quoque
771 4377 879 4438 litteris
911 4375 1096 4454 geminandis
1127 4377 1246 4454 parcior
1278 4376 1335 4438 luit

164 4481 363 4561 Aristarchus,
386 4495 455 4539 cum
479 4475 689 4536 vocabulorum
712 4469 899 4556 πολόρηνες
923 4473 943 4534 Ι
963 4469 1035 4554 154,
1058 4465 1189 4553 ἄλσφον
1211 4474 1242 4534 Κ
1260 4471 1338 4555 258,
