3280 5104
649 363 886 426 -137—

177 519 241 604 πρό
279 529 388 589 mutari
426 529 513 588 iussit
545 529 576 586 in
606 517 705 587 Ἰίίοο
736 519 810 607 πρό.
861 526 993 606 Namque
1026 528 1191 589 adulterina
1224 528 1352 591 lectione

177 614 346 705 οὐρανόθι
369 618 436 705 πρό
461 624 494 686 Γ
513 622 543 706 3,
566 643 642 704 qnae
665 627 723 684 iam
747 625 962 703 antiquissimis
982 626 1166 706 temporibus
1193 631 1351 706 genuinam

176 732 206 782 et
239 741 328 784 versu
361 731 464 784 octavo
497 723 631 783 eiusdem
664 721 733 783 libri
766 724 968 786 confirmatam
996 724 1153 785 lectionem
1184 715 1352 807 οὐρανόθι

176 812 249 899 ιιριό
273 839 328 882 suo
352 820 417 882 loco
441 823 568 881 movisse
593 818 724 900 videtur,
753 826 889 880 auctores
917 831 1045 901 quatuor
1072 822 1191 884 illorum
1220 823 1352 884 locurum

178 921 206 979 in
231 937 365 979 errorem
390 919 528 980 inductus
552 937 616 978 esse
642 917 830 978 verisimilius
854 937 919 980 esse
943 921 1080 1002 exposui3
1103 920 1124 997 ἓ
1148 918 1199 982 62.

266 1015 286 1092 ξ
311 1014 361 1078 81.
408 1016 567 1076 Genetivus
591 1017 664 1095 sing.
689 1016 801 1094 primae
825 1015 899 1076 decl.
923 1018 954 1076 in
978 1036 1018 1076 αο
1039 1024 1072 1077 ut
1093 1008 1263 1097 Ἀτρείδαο
1283 1019 1351 1098 Πη-

177 1106 320 1194 ληιάδαο
345 1104 458 1175 Ἀίδαο
490 1112 628 1174 similiter
660 1121 749 1192 atque
777 1116 929 1192 genetivus
958 1116 990 1174 in
1023 1135 1063 1176 οο
1092 1114 1224 1176 medium
1255 1115 1352 1176 lucum

177 1214 255 1272 inter
293 1219 427 1272 vetustus
459 1221 489 1272 et
522 1210 643 1272 Homeri
675 1217 770 1271 aetate
803 1213 861 1272 iam
893 1211 1018 1273 abolitos
1050 1215 1203 1291 genetivus
1235 1216 1266 1274 in
1298 1233 1352 1275 αιο

176 1318 206 1370 et
229 1299 400 1371 contractus
423 1311 575 1388 genetivus
599 1311 629 1370 in
653 1329 675 1368 α
697 1316 727 1369 et
751 1328 792 1369 ou
816 1307 951 1371 obtinere
975 1313 1047 1372 satis
1066 1314 1144 1372 inter
1162 1329 1266 1371 omnes
1284 1329 1352 1372 con·

180 1416 247 1468 slat.
295 1406 424 1468 Eosdem
448 1407 560 1468 alienus
589 1407 680 1467 luisse
713 1405 750 1466 ab
773 1405 876 1468 lunum
906 1426 1042 1468 sermone
1071 1415 1100 1468 et
1132 1427 1167 1468 ex
1202 1407 1353 1468 veteribus

176 1505 296 1566 aeolicis
320 1505 503 1566 carminibus
522 1504 680 1567 translatos
700 1505 792 1565 videri
810 1504 879 1564 inde
899 1505 1074 1586 colligimus,
1097 1505 1174 1586 quod
1195 1508 1225 1566 in
1244 1507 1354 1565 ceteris

177 1602 295 1664 illorum
320 1605 474 1664 nominum
498 1601 616 1662 casibus
636 1601 716 1662 velut
732 1592 898 1681 Ἀτρείδης
914 1593 1084 1685 Ἀτρείδην
1100 1593 1248 1682 Ἀτρείδη
1269 1611 1354 1662 vetus
1403 1616 1409 1630 ·

177 1702 287 1764 vocalis
310 1706 332 1762 ᾶ
356 1719 438 1762 mura
458 1700 562 1761 lunum
592 1701 623 1760 in
645 1721 666 1780 q
690 1699 770 1760 abiit.
808 1697 891 1768 Quod
911 1719 982 1762 vero
1001 1702 1111 1762 aeolica
1135 1702 1196 1760 sive
1220 1701 1354 1760 bucolica

176 1801 308 1880 genetivi
336 1798 429 1858 lurma
462 1798 648 1877 frequentior
676 1815 764 1877 quam
792 1797 888 1858 ionica
916 1801 947 1858 in
978 1799 1142 1860 Homericis
1172 1798 1354 1860 carminibus

177 1907 236 1978 est,
263 1895 379 1957 facilem
403 1895 491 1957 babet
514 1894 701 1975 explicatum.
747 1894 820 1955 Nam
844 1904 875 1956 et
902 1896 1029 1976 dignitas
1058 1896 1176 1958 illorum
1200 1899 1354 1958 numinum

178 1996 449 2074 patronymicorum
469 1994 658 2073 splendorem
677 1993 809 2071 poeticae
829 1995 972 2055 orationis
990 1997 1097 2056 eximie
1116 2002 1207 2075 auget·
1218 2002 1249 2056 et
1263 1995 1354 2055 ionici

178 2093 309 2172 genetivi
329 2081 500 2170 Ἀτρείδεω
520 2085 733 2173 ἐριβρεμέτεω
748 2079 872 2150 ”Alcaco
902 2091 960 2152 uisi
987 2090 1103 2151 duabus
1131 2089 1282 2152 vocalibus
1310 2112 1353 2153 εω

178 2190 341 2252 contractis
365 2189 395 2248 in
419 2189 596 2269 dactylicum
620 2198 749 2250 metrum
772 2189 837 2266 cogi
862 2207 921 2248 non
945 2196 1090 2267 poterant.
1133 2187 1231 2249 Nihilo
1255 2191 1354 2250 minus

179 2299 278 2350 autum
299 2289 371 2348 satis
391 2287 506 2367 amplus
526 2305 668 2348 numerus
686 2287 852 2347 ionicorum
872 2288 1075 2366 genetivorum
1095 2289 1126 2348 in
1145 2285 1229 2348 libris
1244 2289 1355 2348 nostris

180 2386 305 2466 resedit,
334 2387 386 2464 qui
414 2386 534 2465 quidem
563 2386 735 2446 coniectura
759 2384 794 2444 ad
819 2386 969 2445 minimam
991 2392 1107 2465 partem
1131 2385 1234 2446 reduci
1256 2393 1355 2464 potest

179 2492 209 2545 et
233 2485 335 2544 nescio
359 2501 395 2544 an
419 2483 524 2545 reduci
547 2481 661 2543 debeat.
709 2481 827 2544 Etenim
851 2493 885 2544 ut
907 2483 1048 2564 synizesis
1072 2483 1191 2544 licentia
1214 2501 1282 2543 raro
1306 2483 1354 2542 ad·

180 2584 269 2644 missa
299 2583 387 2642 metri
415 2583 592 2642 necessitate
621 2589 792 2664 excusatur,
822 2583 863 2642 ita
895 2580 1001 2643 crebro
1033 2583 1139 2642 iterata
1169 2580 1354 2642 stomachum

179 2679 334 2740 bominum
364 2697 422 2739 nun
450 2681 548 2757 potuit
576 2697 635 2740 nun
658 2697 791 2760 movere;
819 2699 876 2760 qna
900 2679 936 2740 da
958 2698 1046 2740 causa
1069 2682 1185 2740 veniam
1208 2685 1242 2740 ut
1264 2681 1354 2758 impe·

180 2787 240 2840 tret
267 2775 318 2836 ille
347 2777 454 2856 dgnus
483 2779 554 2852 erit,
583 2779 635 2857 qni
658 2775 779 2837 Homeri
807 2779 973 2838 carminum
996 2779 1120 2838 lumnam
1143 2778 1243 2856 potius
1267 2793 1355 2856 quam

179 2876 325 2938 librorum
345 2883 375 2936 et
393 2876 652 2953 grammaticorum
671 2873 790 2936 dubiam
810 2876 898 2936 fldem
920 2883 1042 2937 secutus
1061 2878 1175 2936 minuto
1190 2877 1355 2936 ionicorum

180 2975 386 3052 genetivurnm
419 2989 545 3033 numeru
578 2979 611 3032 ut
643 2971 736 3034 multu
769 2977 867 3035 rarius
901 2991 989 3035 aures
1016 2973 1148 3035 iudicum
1176 2973 1355 3052 elegantium

180 3070 369 3132 ellendantur
397 3072 548 3132 tirunesue
576 3088 694 3131 versum
725 3071 901 3132 scandentes
924 3071 1067 3152 titubent,
1096 3072 1236 3132 elicuerit.
1282 3069 1354 3131 Nam

180 3170 266 3249 lunge
286 3169 407 3248 plurimi
428 3168 493 3249 loci,
517 3167 568 3230 ubi
587 3170 716 3246 genetivi
735 3171 765 3229 in
784 3189 828 3230 εω
847 3169 1013 3249 vulgantur,
1036 3171 1077 3228 ita
1096 3171 1258 3248 comparati
1277 3177 1355 3249 sunt,

182 3277 214 3329 ut
237 3266 354 3327 vocales
377 3266 443 3327 illae
467 3267 570 3327 sinales
593 3266 687 3327 vocali
709 3267 814 3328 initiali
835 3268 988 3346 sequentis
1008 3264 1141 3326 vocabuli
1160 3268 1355 3346 excipiantur,

182 3365 261 3426 uude
276 3366 430 3443 genetivus
444 3366 475 3424 in
491 3355 534 3445 α’,
548 3383 584 3425 ex
600 3363 709 3444 quibus
717 3366 893 3426 Asianorum
903 3363 1026 3426 Aeolum
1041 3366 1192 3444 genetivus
1202 3361 1356 3446 Κρονίδα

179 3455 271 3524 Ἀίδα
299 3471 381 3524 ortos
405 3481 470 3523 esse
493 3470 588 3543 patet,
612 3471 664 3524 tuo
688 3465 752 3524 iure
776 3462 906 3524 Homero
929 3461 1043 3523 reddas.
1091 3461 1140 3524 Sic
1167 3479 1236 3523 cum
1263 3462 1356 3522 nomi·

184 3579 254 3622 rrum
284 3555 548 3642 νεφεληγερέταο
580 3550 743 3640 ἀργέσταο
770 3559 995 3642 βαθυρρείταο
1023 3555 1194 3644 ένρρείταο
1224 3557 1356 3641 Δαρδα-

183 3657 282 3721 νίδαο
310 3655 476 3720 Αἰακίδαο
507 3656 693 3740 Πειραίδαο
722 3649 909 3720 Οἰδιπόδαο
934 3653 1084 3740 Λαέρταο
1107 3649 1259 3740 Ὀρέσταο
1287 3656 1356 3716 Τει·

183 3755 297 3836 ρεσίαο
316 3755 444 3817 aeolicae
464 3758 575 3818 lurmae
595 3755 673 3816 solae
693 3755 849 3837 hucusque
867 3759 898 3817 in
913 3755 1042 3818 Homero
1056 3755 1201 3836 legantur,
1216 3752 1358 3814 accedent

183 3855 238 3916 alia
265 3856 398 3936 nomina,
427 3872 554 3934 quorum
582 3855 712 3934 genetivi
735 3863 786 3916 ant
808 3856 839 3920 in
863 3875 904 3916 αο
927 3861 978 3915 aut
999 3856 1030 3915 in
1053 3846 1085 3914 α’
1112 3851 1249 3933 exibunt,
1277 3849 1358 3912 velut

180 3943 350 4034 Ἀτρείδαο
369 3961 400 4012 et
415 3941 590 4030 ²Acpeidu’,
614 3949 784 4031 Πηλείδαο
804 3963 834 4013 et
852 3942 1028 4033 llqlelda',
1042 3942 1219 4030 Πηλιάδαο
1240 3957 1270 4009 et
1288 3949 1357 4026 Πη-

183 4040 440 4127 λιάδα’,”Αλταο
460 4039 625 4129 εῐ”Αλτα’,
644 4042 843 4131 Νηληιόδαο
862 4058 893 4110 et
906 4041 1110 4129 quqccidu',
1127 4037 1357 4109 Μενοιτιάδαο

184 4157 214 4208 et
230 4137 463 4226 Μενοιτιάδα’,
484 4144 622 4209 Αἰνείαο
642 4155 672 4208 et
695 4137 840 4228 Αίνείιί,
863 4141 992 4229 Βορέαο
1017 4152 1046 4206 et
1072 4135 1237 4226 Bops‘u’.¹)
1274 4143 1357 4206 Unde

226 4253 429 4362 Triuiam
447 4293 563 4362 dignum
582 4293 638 4359 eal,
656 4292 733 4361 qnod
751 4296 779 4346 Σ
795 4299 839 4362 93,
857 4307 913 4361 qno
931 4291 994 4346 loco
1013 4290 1100 4345 ceteri
1118 4287 1230 4344 codices
1247 4291 1356 4346 Μενοι-

186 4371 290 4428 τιάδεω
321 4371 442 4443 ἀποτίσῃ
471 4371 617 4442 exhibent,
644 4371 674 4426 in
701 4372 763 4428 cod.
786 4371 855 4428 Ven.
879 4377 901 4427 A
929 4369 1065 4440 scriptum
1093 4373 1136 4426 esi
1162 4364 1357 4426 Μενοιτιάδαο

186 4448 316 4526 ἆιιοτίορ,
338 4451 523 4522 similiterque
542 4451 608 4507 libri
627 4451 738 4510 vanans
756 4454 780 4506 Φ
800 4457 842 4507 86.
