3280 5104
1363 259 1394 330 Ι

730 383 969 447 -126-

262 567 320 609 nou
344 567 436 626 puros
459 557 547 627 pulos
573 547 656 606 lones
680 534 785 624 luisse,
809 544 860 604 sed
887 545 1012 606 inultum
1036 565 1071 606 ex
1096 546 1194 626 lingua
1218 546 1378 606 confinium
1402 553 1433 604 et

261 646 473 726 inquilinorum
497 644 620 705 Aeolum
648 643 773 702 traxisse
797 659 940 720 perquam
965 645 1123 706 verisimile
1147 655 1200 706 est.
1247 643 1309 704 lloc
1332 653 1431 704 autem

260 744 385 804 alterum
414 743 551 820 inprimis
580 741 668 820 valet,
696 739 721 798 si
746 738 987 818 locupletissimis
1011 743 1139 804 testibus
1162 743 1289 804 Pindaro
1310 741 1432 802 Stesim·

261 842 346 902 broto
389 839 506 919 Ephoro
546 838 708 900 Homerum
747 835 870 922 Smyrna
915 840 1075 902 oriundum
1115 859 1180 902 esse
1220 841 1334 922 eredis;
1380 840 1431 900 sed

261 941 349 999 etiam
383 939 408 997 si
441 937 533 996 iamne
562 937 603 997 illi
631 934 761 1014 diliides,
794 944 892 996 tamen
921 957 956 998 ex
986 947 1127 1021 quatuor,
1160 958 1234 1019 quas
1264 938 1432 999 Herodotus

261 1037 272 1096 l
304 1034 366 1097 142
398 1036 568 1115 distinguit,
601 1033 758 1114 speciebus
791 1035 905 1095 ionicae
938 1035 1057 1097 dialecti
1089 1056 1123 1097 ea
1152 1036 1326 1098 llomerides
1358 1037 1432 1097 auti-

261 1136 420 1214 quissimos
449 1151 518 1192 usos
547 1151 612 1193 esse
641 1130 725 1192 lacile
750 1132 910 1212 concedes,
938 1152 1013 1212 quae
1037 1154 1105 1195 cum
1128 1135 1378 1214 Colophoniorum
1402 1143 1432 1193 et

262 1231 507 1310 Phocaeensium,
540 1247 667 1310 quorum
699 1229 774 1288 sures
806 1247 876 1307 ager
904 1228 1083 1310 Smyrnaeus
1112 1235 1281 1314 interiacet,
1313 1233 1431 1311 propria

263 1329 354 1390 luisse
383 1336 535 1409 narretur,
564 1327 689 1388 multum
713 1325 817 1405 procul
841 1325 931 1386 dubio
956 1331 1078 1408 propius
1103 1348 1190 1409 qnam
1215 1330 1346 1409 reliquae
1371 1338 1432 1389 tres

262 1425 384 1486 Aeolum
413 1427 544 1485 sermoni
570 1418 769 1503 accedebat.¹)
816 1421 899 1492 Quod
930 1444 1000 1485 vero
1029 1445 1124 1506 nuper
1152 1428 1225 1504 Aug.
1254 1427 1373 1488 l'iclrius
1402 1429 1431 1486 in

262 1522 401 1583 lleuzenb.
422 1522 511 1583 beitr.
532 1522 580 1582 Vll
607 1519 782 1584 139-162
806 1531 905 1582 vetera
929 1526 1058 1584 carmina
1083 1523 1190 1604 lliadis,
1213 1541 1282 1584 cum
1305 1543 1320 1584 a
1345 1532 1432 1602 poeta

262 1624 326 1701 ipso
355 1620 465 1681 oeolice
493 1629 598 1700 paucta
627 1628 740 1700 essent,
768 1619 918 1698 aliquanto
947 1630 1014 1699 post
1042 1622 1078 1682 ab
1107 1621 1288 1702 Homeridis,
1322 1624 1373 1701 qui
1401 1622 1432 1680 iu

262 1721 365 1780 lonuru
389 1738 475 1798 agros
499 1738 550 1779 sua
570 1717 718 1778 domicilia
737 1716 968 1798 transtulissent,
992 1720 1105 1780 ionicae
1124 1720 1249 1780 dialecto
1268 1737 1432 1780 accommo-

261 1819 327 1878 data
361 1835 426 1877 esse
460 1818 625 1896 speciosius
658 1834 745 1894 quam
779 1817 878 1876 verius
910 1816 1084 1896 disputarit,
1118 1815 1191 1876 nibil
1221 1815 1255 1874 ad
1286 1815 1431 1876 editorem

262 1917 360 1976 lliadis
384 1917 522 1994 pertinet.
559 1913 661 1992 Neque
685 1916 763 1974 enim
787 1931 862 1993 quae
886 1922 994 1994 vetera,
1018 1932 1092 1992 quae
1116 1915 1282 1974 recentiora
1302 1914 1432 1972 carmina

262 2022 376 2092 essent,
400 2013 568 2072 accuratius
591 2009 640 2071 illc
664 2010 891 2090 discriminavit,
915 2013 972 2072 nisi
996 2012 1074 2091 quod
1098 2015 1229 2091 priorem
1252 2011 1321 2071 libri
1344 2012 1433 2089 primi

263 2119 375 2190 purtem
409 2111 438 2169 in
472 2107 611 2168 aeolicum
645 2107 774 2186 linguam
802 2111 963 2190 convertit,
996 2118 1026 2169 et
1053 2119 1128 2189 quae
1156 2110 1276 2189 proprie
1305 2107 1432 2168 aeolicae

262 2208 403 2268 dicuntur
441 2207 551 2266 lormue
588 2223 679 2283 super
711 2213 802 2266 totam
835 2205 953 2266 lliadem
985 2207 1137 2286 dispersae
1170 2214 1240 2266 sunt
1273 2223 1369 2284 neque
1402 2207 1432 2264 in

263 2303 479 2364 recentioribus
507 2302 688 2363 carminibus
712 2305 809 2363 rarius
832 2320 920 2381 quam
944 2305 974 2363 in
999 2305 1208 2364 vetustissimis
1231 2304 1433 2381 inveniuntur,

263 2401 343 2462 velut
365 2400 501 2482 πίσυρες
524 2407 619 2460 exstat
644 2397 763 2460 0680.
788 2401 825 2460 Ψ
844 2397 915 2461 171.
934 2402 967 2462 Ω
987 2398 1059 2462 233,
1080 2422 1095 2462 ε
1115 2398 1299 2462 7811249.
1319 2422 1338 2481 χ
1359 2399 1432 2481 111,

263 2491 470 2581 αἰσυμνητήρ
493 2499 526 2560 Ω
550 2495 673 2558 34711
697 2495 775 2571 258,
804 2489 925 2578 ἄμυδις
948 2499 970 2559 Ι
991 2497 1020 2558 ὃ.
1044 2497 1078 2559 K
1099 2495 1172 2559 300.
1196 2494 1269 2558 524.
1296 2499 1338 2558 Μ
1357 2495 1432 2560 385.

265 2601 299 2660 N
324 2595 398 2659 336.
427 2593 500 2659 343.
527 2597 556 2655 Τ
580 2593 650 2656 114.
678 2591 748 2658 158.
773 2592 846 2656 374.
875 2597 912 2656 Ψ
932 2593 1006 2658 217.
1036 2593 1153 2657 8659.
1177 2614 1191 2656 ε
1215 2593 1288 2656 467.
1312 2616 1336 2676 μ
1358 2592 1432 2656 413.

262 2694 336 2758 415.
365 2692 382 2769 ξ
410 2691 483 2754 305.
530 2692 608 2752 llaec
642 2694 698 2752 tria
729 2694 821 2771 igitur
854 2693 993 2754 vocabula
1026 2693 1136 2753 aeolica
1168 2693 1241 2752 adeo
1274 2711 1332 2752 non
1364 2703 1434 2752 sunt

262 2795 381 2872 propria
416 2793 524 2851 veteris
557 2789 668 2870 lliadis,
701 2797 734 2849 ul
767 2791 796 2850 in
830 2792 867 2850 iis
899 2790 1094 2870 carminibus,
1128 2808 1202 2870 quae
1231 2808 1285 2850 uos
1314 2789 1433 2870 quidem

263 2891 461 2950 vetustissima
494 2887 695 2966 delinivimus,
728 2905 764 2946 ne
798 2889 986 2948 inveniantur
1019 2888 1147 2968 quidem.
1199 2887 1256 2947 Sed
1286 2895 1346 2947 tota
1375 2889 1432 2947 ista

262 2989 408 3048 sententia
438 2985 507 3045 lalsn
532 2994 589 3064 est,
619 2983 857 3063 ‹plaudoquidem
882 2987 937 3046 iam
962 2988 992 3045 iu
1016 2986 1226 3046 vetustissimis
1250 2984 1432 3044 carminibus

263 3086 396 3163 llorneri,
429 3085 453 3143 si
486 3101 501 3142 a
535 3081 633 3160 lingua
665 3082 700 3140 ad
734 3099 782 3141 res
815 3082 1019 3162 descenderis,
1053 3083 1290 3142 manifestissima
1319 3084 1433 3142 ionicae

263 3183 387 3260 originis
411 3181 531 3258 vestigia
556 3187 681 3258 exstant,
705 3178 784 3239 velut
807 3178 915 3262 Nestor
936 3179 1006 3259 Pylo
1030 3181 1126 3240 ionica
1150 3179 1295 3238 oriundus
1317 3181 1433 3256 inipso

169 3343 172 3350 ,
262 3282 358 3359 primo
383 3278 458 3339 libro
482 3279 560 3338 inter
582 3279 729 3357 primores
748 3275 926 3337 debivornm
950 3276 1126 3355 celebratus,
1151 3275 1290 3355 lliuervn,
1309 3283 1433 3354 patrona

263 3379 376 3437 ionicae
400 3377 511 3456 stirpis,
535 3374 641 3435 crebro
665 3375 798 3434 luvocata
823 3376 853 3434 in
877 3374 1002 3436 solemni
1025 3374 1148 3436 lormula
1173 3369 1211 3433 αἲ
1231 3363 1295 3452 γὰρ
1316 3370 1381 3432 Ζεῦ
1399 3391 1434 3433 τε

262 3468 364 3554 redico
392 3467 447 3533 καὶ
473 3464 634 3552 Ἀθηναίη
662 3464 716 3530 eat
744 3462 912 3532 Ἀπόλλων
942 3469 1065 3534 13371.
1091 3474 1123 3530 Δ
1147 3469 1221 3532 288.
1246 3471 1283 3530 Η
1306 3467 1376 3530 132.
1400 3471 1439 3529 Π

263 3571 318 3654 97,
348 3572 469 3650 Cayster
496 3572 610 3631 ionicus
642 3569 748 3631 liurius
776 3574 806 3632 iu
832 3571 940 3632 illustri
963 3571 1090 3647 imagine
1117 3565 1229 3628 11461
1257 3585 1434 3627 commemo-

262 3680 358 3749 ratus,
390 3667 520 3748 Neptuni
548 3666 706 3747 llelicouii,
734 3669 879 3747 praesidis
902 3666 1036 3727 Panionii
1060 3661 1099 3747 (r.
1129 3664 1268 3726 llerodot.
1297 3666 1318 3725 Ι
1346 3659 1434 3746 148),

262 3787 345 3828 sacra
376 3768 405 3826 Τ
425 3763 491 3826 404
516 3784 579 3845 sqq.
603 3765 764 3844 descripta,
793 3767 949 3844 praeconia
973 3763 1088 3842 Glauci,
1117 3763 1274 3842 Lyciorum
1298 3763 1390 3842 regis,
1418 3781 1434 3821 a

262 3884 320 3944 quo
349 3873 464 3943 partem
493 3862 663 3941 regulorum
688 3861 786 3922 louiae
815 3863 960 3940 originem
989 3861 1108 3922 drrxisse
1137 3859 1305 3920 llerodotus
1335 3859 1345 3918 l
1372 3857 1433 3920 147

263 3963 370 4044 refert,
401 3965 428 4022 si
454 3963 552 4024 minus
581 3962 808 4040 antiquissimis,
838 3970 867 4021 at
896 3968 993 4020 tamen
1022 3957 1267 4038 praeclarissimis
1296 3958 1433 4016 carmini-

262 4061 318 4121 bus
342 4062 427 4122 lacta.

266 4174 477 4183 ———

353 4225 378 4292 1)
398 4223 438 4276 De
467 4223 601 4291 Smyrnae
634 4221 796 4275 colonorum
827 4221 962 4290 ambigue
993 4218 1101 4290 origine
1134 4217 1260 4274 conferes
1293 4217 1375 4276 sodes
1403 4215 1435 4270 0.

261 4302 442 4370 Muellerum,
467 4301 565 4356 (leuch.
589 4303 615 4357 d.
641 4301 746 4370 grieoh.
771 4301 823 4354 Lil.
848 4302 860 4354 l
885 4307 931 4367 ⁷23
958 4299 992 4353 de
1016 4298 1222 4369 grammaticis,
1246 4297 1295 4366 qui
1320 4299 1436 4354 Aeolom

263 4383 411 4435 llomerurn
436 4381 621 4450 perhibebunt
643 4385 673 4435 el
695 4381 818 4436 aeolicos
836 4380 927 4448 magis
947 4395 1032 4447 quem
1051 4377 1153 4432 ellicus
1174 4377 1278 4431 lormss
1298 4375 1327 4430 iu
1347 4375 1437 4430 llisde

262 4463 292 4514 el
311 4461 435 4528 Odyssea
454 4461 617 4530 probabant,
636 4459 727 4516 Fried.
748 4461 898 4528 anneum,
917 4457 1014 4514 anecd.
1035 4459 1114 4512 Rom.
1134 4476 1161 4526 p.
1182 4463 1198 4510 b
1219 4459 1318 4510 01282
1338 4473 1398 4524 sqq.
