3280 5104
736 372 1004 435 -122-·

405 525 477 594 ἀλλ’
498 526 557 612 άγε
577 527 724 614 διογενὲς
742 528 972 615 Πατρόκλείες
991 527 1210 616 (Πατρόκλεις
1229 527 1330 618 codd.)
1349 531 1442 614 ἔξαγε

1068 624 1196 714 κούρην
1220 628 1267 714 (Α
1290 628 1383 714 337)-

405 726 538 790 στεῦται
565 720 629 810 γάρ
658 728 751 809 νηῶν
774 721 986 810 άποκοψάμεν
1010 721 1210 812 (ἀποκόψειν
1233 724 1333 813 codd.)
1357 723 1441 812 άκρα

1069 821 1222 908 κόρυμβα
1246 823 1283 911 (Ι
1303 822 1396 911 241)-

348 988 356 1000 ,
405 922 488 1004 νῆας
521 917 573 985 ert
604 917 780 1007 γλαφυράς
812 923 898 988 ἰέναι
931 919 982 988 ddi
1011 917 1084 1008 (ἠδ’
1115 922 1218 1006 codd.)
1245 917 1344 1006 ίάρν’
1375 921 1441 987 ἐκέ-

1068 1024 1165 1086 λευεν
1187 1019 1233 1106 (Γ
1254 1017 1341 1106 119).

361 1119 462 1200 Neque
482 1123 630 1181 immerito
644 1140 694 1181 mc
715 1122 943 1204 reprehendent,
961 1123 1039 1201 quod
1059 1125 1089 1182 in
1110 1123 1165 1182 bac
1180 1123 1249 1182 sede
1265 1139 1368 1182 versus
1383 1139 1442 1180 non

271 1219 383 1297 ubique
403 1217 456 1280 ἔεν
475 1237 529 1298 pro
547 1203 603 1298 ἦν,
623 1228 655 1280 ut
675 1228 741 1280 ente
756 1221 1026 1298 interpunctionem
1043 1223 1167 1281 lecimus
1183 1223 1213 1281 in
1228 1239 1315 1281 versu
1333 1221 1362 1280 B
1377 1217 1442 1280 313

405 1307 506 1395 όκτά,
529 1307 612 1398 άτάρ
636 1311 743 1398 μήτηρ
767 1311 867 1399 ἐνάτη
891 1317 945 1380 ἔον
967 1305 1025 1400 (ἦν
1049 1311 1160 1400 codd),
1183 1309 1204 1398 ἣ
1228 1313 1298 1379 τίκε
1322 1313 1420 1378 τέκνα

272 1415 438 1476 rescribere
461 1433 551 1476 ausus
575 1417 639 1476 sim.

361 1512 454 1573 Porro
481 1513 618 1593 dactylici
645 1513 736 1593 pedes
764 1533 823 1574 uno
848 1513 990 1575 vocabulo
1018 1513 1128 1592 expleti
1153 1515 1250 1574 minus
1279 1532 1366 1592 quam
1391 1515 1442 1592 ‹yui

271 1621 322 1672 aut
344 1619 412 1690 post
441 1610 556 1690 longam
581 1620 631 1673 ant
659 1614 784 1690 primam
809 1605 927 1673 brevoin
952 1611 1138 1692 inciduntur,
1167 1611 1289 1672 auribus
1315 1610 1442 1690 placent,

271 1717 302 1769 et
324 1711 447 1788 quintus
466 1727 519 1788 pes
538 1709 714 1789 dactylicus,
738 1712 789 1789 qni
808 1728 961 1780 caesuram
983 1718 1051 1788 post
1069 1711 1194 1788 primam
1214 1707 1334 1768 brevem
1354 1727 1441 1786 qiram

271 1809 322 1885 qui
349 1815 417 1886 post
445 1807 561 1886 longam
590 1807 728 1886 syllabam
758 1807 858 1888 habet,
886 1801 1074 1868 numerosior
1096 1814 1150 1866 est.
1197 1805 1258 1886 Ego
1286 1815 1382 1874 tomen
1406 1807 1441 1866 ad

271 1925 406 1966 normam
433 1906 538 1966 barum
568 1908 714 1966 rationum
743 1925 802 1966 non
831 1923 934 1966 omnes
963 1923 1066 1966 versus
1094 1905 1229 1984 redigere
1253 1923 1344 1965 ansus
1367 1923 1443 1984 sum,
1530 1961 1533 1968 .

271 2003 342 2064 licet
370 2003 476 2065 similia
505 2003 694 2063 Aristarchus
724 2002 767 2064 rel
797 2005 968 2082 quicunque
999 2021 1033 2063 er
1063 2001 1213 2062 veteribus
1243 2002 1443 2080 grammaticis

271 2111 385 2162 textum
409 2103 573 2162 carminum
597 2100 823 2162 Homericorum
846 2103 1014 2181 constituit,
1042 2108 1192 2179 spectasse
1217 2099 1363 2178 rideatur,
1390 2099 1441 2158 sed

272 2201 297 2260 si
325 2200 444 2259 codices
473 2198 624 2259 variabant
652 2199 697 2259 vel
726 2198 834 2259 vocalis
863 2217 922 2259 non
946 2201 1038 2276 magis
1063 2200 1156 2277 priori
1181 2195 1322 2257 vocabulo
1346 2195 1443 2257 subici

272 2314 358 2376 quam
392 2295 477 2357 alteri
509 2296 631 2373 pracligi
664 2305 780 2375 poterat
813 2296 857 2356 rel
890 2296 1016 2356 admissa
1049 2295 1255 2356 emendatione
1292 2294 1379 2354 simul
1412 2303 1443 2353 et

272 2397 387 2456 numeri
418 2392 620 2472 lerigalrantnr
648 2404 678 2453 et
706 2393 794 2454 elisae
819 2394 927 2454 vocalis
951 2415 972 2454 α
996 2393 1041 2453 rel
1066 2415 1077 2454 ι
1101 2393 1145 2453 rel
1170 2413 1188 2452 o
1213 2393 1336 2453 durities
1360 2392 1441 2453 tolle-

271 2492 371 2572 batur,
400 2491 467 2552 lites
494 2493 754 2568 grammaticorum
783 2493 916 2552 metricis
944 2490 1002 2552 illis
1030 2489 1195 2572 rationibus
1223 2491 1442 2570 componendas

270 2608 336 2650 esse
365 2591 542 2670 existimari,
575 2589 653 2668 quod
683 2607 742 2668 quo
774 2589 875 2649 tendat
900 2597 933 2650 ut
959 2588 1074 2650 lacilius
1102 2587 1269 2668 intellegas,
1302 2587 1442 2648 nonnulla

271 2686 404 2766 exempla
429 2687 653 2748 emendatorum
678 2704 816 2746 versuum
840 2705 999 2765 apponam:

200 2773 203 2782 λ
431 2775 475 2859 ὣς
508 2776 601 2864 ἔφατ’
637 2775 832 2863 εύχόμενος;
864 2781 925 2844 τοῦ
958 2775 996 2844 δὲ
1026 2775 1105 2844 κλύε
1138 2775 1185 2866 (d'
1219 2782 1312 2844 ἔκλυε
1341 2778 1441 2866 codd.)

912 2879 1036 2959 Φοῖβος
1057 2871 1226 2942 Ἀπόλλων
1249 2875 1296 2964 (Α
1320 2879 1391 2962 43).

430 2973 494 3054 τάς
513 2974 553 3040 de'
569 2971 599 3040 σ’
621 2969 818 3060 ἀπεχθήρω,
838 2970 883 3052 ὥς
900 2976 966 3040 νῦν
986 2976 1129 3058 ἔκπαγλα
1148 2978 1273 3059 φίλησα
1293 2969 1440 3060 (ἔκπαγλ’

909 3072 994 3157 ἐφιλ.
1018 3096 1044 3138 v.
1067 3075 1085 3136 l.
1110 3075 1143 3137 Γ
1160 3071 1254 3157 415)·

430 3165 537 3255 αὐτὰρ
570 3168 639 3236 ἐπεὶ
666 3165 753 3234 κατὰ
786 3171 875 3255 μῆρα
908 3166 972 3254 κάη
1004 3167 1059 3234 καὶ
1091 3166 1264 3254 σπλάγχνα
1292 3167 1442 3234 πάσαντο

910 3263 1087 3353 (σπλάγχν’
1113 3267 1205 3331 ἐπασ.
1224 3289 1248 3330 r.
1264 3270 1281 3330 l.
1303 3269 1329 3331 B
1349 3265 1445 3350 427)-

430 3370 526 3451 γαίης
558 3359 633 3431 οὐδ’
674 3361 793 3451 ὀρέων·
831 3361 1097 3449 μεταπαυόμενοι
1136 3360 1172 3428 dt
1208 3359 1355 3448 μάχοντο
1389 3357 1441 3447 (d’

911 3457 1073 3545 ἐμάχοντο
1097 3485 1124 3526 v.
1149 3465 1166 3526 l.
1192 3467 1221 3525 P
1239 3463 1332 3546 373)-

1395 3551 1443 3577 ’i’

434 3559 560 3646 Τράαιν
596 3559 650 3624 καλ
670 3535 807 3636 ’πολέας
844 3554 948 3648 {pods
980 3557 1059 3642 ἕλον
1088 3554 1148 3643 ἠδὲ
1186 3558 1333 3643 πέρασσα
1366 3555 1427 3642 (nd

908 3656 995 3741 ἕπερ.
1019 3680 1043 3720 v.
1067 3659 1085 3720 l.
1111 3662 1142 3721 Φ
1168 3651 1255 3742 102).

361 3764 439 3824 ldem
460 3781 528 3822 cum
547 3761 687 3821 duritiem
707 3759 797 3820 elisae
816 3757 924 3818 vocalis
943 3777 964 3817 α
984 3760 1082 3818 minus
1102 3777 1189 3839 quam
1205 3756 1341 3836 dactylici
1356 3757 1442 3835 pedis

158 3909 162 3918 .
242 3887 247 3898 ·
271 3883 329 3924 nno
355 3859 495 3922 vocabulo
519 3858 663 3938 dactylico
689 3857 798 3936 expleti
822 3856 968 3916 vitandam
988 3856 1138 3937 ducerem,
1158 3865 1257 3935 spreta
1277 3855 1442 3916 Aristarchi

271 3962 446 4022 auctoritate
470 3959 580 4036 scripsi

430 4054 466 4117 ol
500 4046 531 4116 d'
569 4046 836 4134 ἀπελυμαίνοντο
873 4044 929 4111 καὶ
965 4049 1012 4125 είς
1046 4043 1110 4112 άλα
1143 4041 1262 4132 λύματ’
1299 4049 1442 4129 ἔβαλλον

787 4143 931 4230 (λύματα
954 4142 1080 4228 βάλλον
1105 4171 1128 4209 r.
1155 4152 1172 4210 l.
1197 4153 1228 4211 A
1251 4144 1345 4232 314)

271 4251 419 4331 similique
451 4251 565 4310 ratione
598 4248 750 4310 elisionem
779 4255 846 4308 ante
874 4249 1143 4325 interpunctionem
1173 4251 1212 4308 ita
1242 4248 1316 4328 lugi,
1350 4257 1383 4308 ut
1411 4249 1441 4307 in

385 4347 413 4406 Α
460 4345 479 4406 8

272 4367 359 4408 V⁰l⁵¹¹
430 4344 565 4523 τὸάμναν
590 4439 730 4554 δένδρεα
752 4436 877 4525 μακρά,
901 4434 983 4532 {asdor
1005 4437 1042 4504 τέ
1062 4463 1120 4523 μιν
1144 4440 1230 4503 ἵκετο
1254 4435 1369 4522 θυμόν
