3276 5090
743 375 964 440 „54-

268 565 285 606 a
308 545 417 604 ceteris
440 540 548 601 divulsi
570 541 669 600 miuus
689 537 815 618 placent.
861 537 936 608 Quis
958 539 1036 597 enim
1061 545 1179 615 poetam
1203 538 1279 598 ieret
1304 538 1443 598 minitan-

270 651 330 702 tem
362 647 450 718 atquc
483 639 718 716 praesagientem
751 621 771 714 ἦ
803 625 875 696 ποτ’
909 625 1078 714 Ἀχιλλῆος
1110 626 1201 714 ποθὴ
1234 629 1336 708 ἵξεται
1364 621 1442 708 υἷας

266 730 406 817 Ἀχαιιόν
424 729 627 816 σύμπαντας,
644 725 720 794 τότε
738 723 770 794 d’
792 723 879 792 οὔτι
894 725 1055 811 δυνήσεαι
1070 723 1258 812 ἀχνύμενός
1273 751 1334 812 περ
1350 751 1443 812 χραι-

273 841 369 915 σμεῖν
385 828 431 914 (Α
446 827 538 914 240),
559 849 655 910 neque
675 849 751 909 quae
765 827 909 890 Achillem
926 832 1086 892 minantem
1101 830 1212 890 iecerat
1227 833 1326 908 ipsum
1342 839 1445 908 postea

271 939 483 1010 exsequentem
508 937 538 990 et
560 924 751 989 narrantem?
775 929 842 1005 quis
867 945 936 987 vero
961 946 1021 988 non
1044 913 1153 988 tibrum
1177 927 1305 1006 aliquem
1324 929 1446 987 maioris

271 1031 430 1109 poematis,
459 1027 511 1088 sed
539 1044 659 1088 carmen
688 1024 855 1085 absolutum
883 1032 913 1083 et
941 1025 972 1082 in
1002 1043 1035 1084 sc
1063 1022 1237 1086 conclusum
1261 1044 1276 1084 a
1300 1024 1446 1103 particula

273 1127 359 1189 doliu
392 1143 531 1186 exorsum
559 1141 625 1183 esse
653 1123 782 1203 putabit,
816 1124 842 1182 si
870 1139 973 1181 versus
1000 1123 1110 1200 optima
1138 1131 1202 1183 arte
1231 1122 1300 1182 iacti
1328 1122 1446 1201 adsunt,

273 1244 332 1304 quo
361 1223 441 1284 iiiam
468 1219 642 1301 particulam
670 1216 803 1280 reseras?
836 1219 968 1298 lienique
992 1201 1112 1278 carmen
1136 1218 1283 1280 decimum
1307 1227 1445 1280 octavum

176 1321 187 1342 ⁰
275 1341 363 1383 versu
397 1322 426 1380 Λ
454 1317 518 1381 595
552 1319 683 1379 nondum
711 1319 792 1378 liniri
824 1319 881 1396 ipsi
914 1316 1358 1410 Lachmannianiuoncedunt,
1390 1317 1447 1377 boc

275 1419 370 1480 solum
389 1424 576 1496 quaerentes,
595 1435 654 1494 qno
673 1415 737 1475 ioco
757 1414 829 1475 iilud
849 1417 987 1494 primitus
1002 1415 1207 1476 continuatum
1222 1434 1288 1478 esse
1303 1416 1448 1477 videntur.

276 1517 381 1577 Cetera
410 1523 507 1576 autem
536 1515 666 1573 carmina
695 1513 836 1592 pleraque
865 1511 957 1573 multo
981 1513 1069 1572 etiam
1092 1514 1201 1590 magis,
1225 1515 1251 1573 si
1274 1517 1447 1575 interiorem

276 1631 384 1675 nexum
413 1631 512 1672 rernm
542 1613 674 1690 rimeris,
702 1629 770 1670 cum
798 1609 1043 1670 antecedentibus
1071 1617 1101 1668 et
1125 1611 1320 1689 sequentibus
1343 1614 1449 1686 carmi·

277 1711 365 1772 nibus
388 1710 546 1770 cohaerere
570 1706 723 1784 intellegas
730 1753 738 1785 ,
761 1706 830 1766 iicet
853 1715 957 1767 auctor
980 1724 1083 1766 eorum
1099 1706 1211 1767 sedulo
1235 1712 1392 1788 curaverit,
1415 1717 1450 1770 ut

277 1810 403 1869 seorsim
422 1809 535 1868 cantari
554 1814 584 1866 et
604 1804 735 1882 intellegi
754 1812 885 1882 possent,
909 1803 1035 1881 ideoque
1055 1805 1162 1883 mitius,
1182 1823 1270 1884 quam
1291 1807 1450 1868 umbratici

281 1905 465 1985 grammatici
484 1910 666 1982 exspectant,
681 1901 806 1962 aliorum
826 1903 991 1962 carminum
1010 1901 1098 1961 verba
1118 1900 1255 1964 disertius
1275 1907 1451 1983 respexerit.

277 2004 358 2074 Onne
391 2020 459 2062 cum
486 2003 526 2060 ita
554 2003 628 2078 sint,
663 1999 734 2060 solis
762 2001 799 2060 iis
826 1998 1009 2059 carminibus
1036 2001 1167 2060 rationes
1195 2001 1452 2062 Lachmaunianae

278 2100 529 2178 commendantur,
555 2115 630 2176 qnae
650 2105 784 2175 separata
804 2095 930 2176 placent,
953 2097 1111 2156 coniuncta
1132 2115 1200 2158 cnm
1219 2102 1327 2160 ceteris
1346 2101 1452 2159 carmi-

278 2197 367 2256 nibus
390 2195 488 2255 iliadis
516 2195 582 2272 pins
610 2197 745 2255 minusve
773 2194 940 2267 offendunt,
967 2210 1081 2271 pugnas
1113 2194 1278 2272 singulares
1301 2196 1368 2258 dieo
1393 2195 1453 2255 bie·

279 2293 355 2354 neiai
378 2301 408 2352 et
426 2291 541 2353 Paridis
560 2292 591 2352 Γ
608 2289 769 2370 15-461,
793 2291 930 2352 Hectoris
954 2299 984 2352 et
1002 2290 1100 2350 Aiacis
1119 2291 1158 2350 H
1172 2289 1313 2371 8-312,
1336 2300 1454 2354 Aeneae

280 2401 310 2452 et
333 2389 454 2450 lenitus
480 2390 509 2448 Τ
530 2385 711 2450 tos-350.
759 2389 796 2448 tit
824 2407 861 2448 nc
884 2387 957 2447 baec
982 2387 1102 2466 quidem
1125 2391 1256 2450 carmina
1280 2388 1349 2450 oiim
1368 2407 1454 2468 sepa-

280 2496 343 2550 rata
367 2488 457 2548 inisse
480 2484 633 2566 probabile
657 2495 711 2566 est,
735 2486 813 2566 qnod
837 2493 871 2546 ut
894 2486 1075 2564 confirmem,
1099 2485 1238 2566 medinm,
1262 2487 1340 2566 quod
1363 2486 1454 2566 longe

279 2587 421 2664 plurimas
444 2584 623 2644 offensiones
647 2583 743 2664 babet,
767 2583 852 2661 eligo.

369 2683 465 2760 Atque
493 2683 623 2758 primum
651 2698 747 2760 neque
774 2701 790 2740 a
818 2700 907 2742 versu
931 2682 967 2742 H
988 2680 1007 2742 8
1032 2699 1128 2760 neque
1152 2701 1168 2742 a
1192 2683 1230 2743 H
1251 2681 1290 2744 17
1315 2701 1412 2760 neque
1439 2702 1455 2743 a

281 2780 318 2840 H
338 2776 381 2840 63
408 2795 529 2838 carmen
556 2777 704 2856 singulare
732 2787 799 2858 apte
827 2779 920 2852 ordiri
947 2781 1057 2860 poluit3
1084 2781 1163 2841 nndc
1188 2783 1303 2841 sicum
1327 2783 1455 2841 maxime

281 2893 401 2937 carmen
420 2874 568 2952 singulare
590 2875 627 2935 de
646 2894 743 2954 pugna
762 2875 900 2938 Hectoris
918 2888 949 2937 et
967 2878 1064 2937 Aiacis
1082 2879 1204 2957 exstitit,
1228 2877 1317 2938 alium
1336 2888 1455 2957 poetam

283 2971 417 3034 versibus
450 2973 488 3032 H
516 2969 625 3034 8-63
662 2973 734 3033 iliud
769 2993 889 3035 carmen
921 2976 1042 3053 corpori
1073 2972 1171 3034 iliadis
1203 2977 1366 3036 intermisse
1400 2973 1456 3036 tibi

282 3069 511 3131 existimandum
543 3071 608 3130 erit.
640 3071 691 3149 ,tt
724 3073 750 3130 si
776 3071 832 3131 bos
861 3090 964 3134 versus
992 3089 1059 3132 cum
1088 3071 1212 3151 reliquis
1238 3073 1273 3134 H
1300 3069 1455 3134 64-312

284 3166 459 3246 contuleris,
488 3165 614 3226 eundem
643 3166 785 3247 colorem,
817 3169 941 3229 eandem
969 3177 1076 3248 artem,
1106 3168 1185 3230 idem
1213 3189 1307 3249 genus
1335 3170 1456 3232 dicendi

283 3265 426 3342 iuvenies,
444 3265 493 3324 cui
512 3260 699 3324 similitudini
719 3263 870 3324 nonnihil
889 3266 981 3327 tribui
1000 3285 1053 3345 par
1072 3276 1126 3346 est,
1151 3271 1290 3346 quonism
1309 3271 1355 3348 iis,
1378 3287 1455 3348 quos

284 3359 477 3440 interpolatos
505 3378 570 3420 esse
598 3367 727 3439 constat,
756 3361 891 3422 versibus
919 3362 980 3423 iere
1005 3371 1072 3423 nota
1097 3364 1230 3424 diversae
1254 3367 1378 3443 originis
1401 3367 1455 3425 im·

283 3477 386 3539 pressa
411 3467 464 3518 est.
507 3457 618 3516 Deinde
643 3475 746 3518 versus
769 3459 807 3518 H
827 3456 958 3520 68-72
981 3460 1091 3538 quibus
1114 3460 1242 3523 dilucide
1266 3453 1363 3542 ὅρκια
1386 3462 1455 3523 iibri

285 3559 367 3620 tertii
386 3563 416 3616 et
435 3557 533 3635 quarti
551 3557 762 3635 respiciuntur,
781 3555 862 3618 nulio
881 3557 977 3637 modo,
996 3566 1030 3618 ut
1049 3576 1137 3636 supra
1153 3577 1180 3636 p.
1195 3555 1237 3620 38
1253 3559 1383 3640 probavi,
1398 3561 1456 3620 cici

285 3661 417 3735 possunt.
463 3653 506 3712 bd
533 3660 718 3731 postremum
746 3662 850 3714 auctor
877 3656 967 3716 huius
994 3659 1135 3717 carminis
1163 3656 1320 3718 manifesto
1345 3657 1455 3718 librum

285 3755 408 3814 tertium
431 3769 499 3812 oum
522 3751 694 3811 universnm
718 3759 780 3812 tum
805 3752 937 3832 singulos
960 3771 1065 3814 versus
1088 3755 1221 3816 imitatus
1244 3764 1299 3834 est,
1323 3755 1352 3814 id
1377 3755 1455 3833 qnod

375 3968 402 4036 t)
420 3965 496 4021 Haeo
509 3983 565 4022 non
579 3967 669 4022 solum
684 3968 782 4022 contra
795 3965 1037 4022 Lachmannianos
1051 3965 1174 4036 disputo,
1194 3968 1243 4021 sed
1257 3967 1343 4022 etiam
1358 3973 1457 4026 conus

286 4047 471 4102 Lebrsisnnm
490 4045 681 4115 Ramnetum,
705 4047 753 4115 qui
777 4047 806 4101 in
831 4047 922 4102 doctis
941 4045 1059 4114 libeliis,
1083 4047 1136 4100 Zur
1154 4047 1348 4103 homeriscbsn
1367 4049 1458 4120 Finge

286 4128 307 4183 l.
326 4128 360 4181 il.
379 4125 426 4192 ΙΙΙ,
447 4143 510 4180 cum
529 4128 557 4181 et
570 4125 688 4182 Iliadem·
706 4131 736 4181 et
749 4125 903 4195 Odysssam
922 4143 976 4181 uno
996 4127 1112 4181 consilio
1131 4128 1193 4196 regi
1207 4131 1236 4181 et
1250 4128 1345 4196 parier
1360 4145 1458 4186 eorum

289 4206 395 4275 optime
421 4205 573 4275 dispositas
597 4208 626 4262 el
648 4208 820 4276 temperatas
839 4223 899 4262 esse
918 4207 989 4261 beno
1007 4206 1189 4274 defendisset,
1213 4209 1272 4261 mm
1291 4206 1409 4263 licenter
1426 4211 1457 4266 in

288 4283 407 4354 singuiis
430 4285 597 4342 carminibus
620 4287 670 4342 sul
688 4285 822 4342 eiciendis
841 4288 890 4341 aui
908 4285 1061 4341 retinendis
1080 4289 1223 4355 grossatus
1243 4287 1300 4356 est,
1319 4288 1352 4341 ul
1369 4287 1459 4346 libros

290 4365 317 4416 H
341 4364 370 4416 el
394 4369 410 4416 i
433 4362 555 4419 Homero
578 4364 745 4433 vindicaret,
774 4365 997 4434 praeclarissima
1025 4365 1150 4421 earmina
1169 4361 1287 4434 Ὀοιιίων
1310 4368 1340 4421 ot
1362 4371 1461 4426 Μονο-

167 4485 173 4497 .
288 4442 391 4511 μαχίας
400 4437 527 4510 Πάριδος
536 4445 584 4498 καλ
595 4441 744 4500 Μενελάου
757 4449 782 4498 Γ
791 4451 868 4499 1-A
879 4451 931 4500 220
945 4463 963 4499 n
973 4447 1066 4501 velere
1078 4444 1166 4501 Iliade
1176 4445 1280 4500 afuisse
1289 4448 1460 4506 nuiumnrei.
