3202 5086
287 327 352 390 534
770 329 921 382 ΙΛΙΑΔΟΣ
940 331 968 380 Π

285 485 473 574 Ἰδομενεὺς
497 485 529 556 δ’
553 485 738 576 Ἐρύμαντα
761 485 843 556 κατά
867 486 973 575 στόμα
996 490 1085 574 νηλέι
1112 491 1221 580 χαλκῷ
1434 491 1481 556 25

288 593 378 675 νύξε·
402 595 440 662 τὸ
466 591 497 662 δ’
523 591 662 680 ἀντικρύ
686 596 772 682 δόρυ
794 597 934 681 χάλκεον
957 595 1150 681 ἐξεπέρησεν
1426 615 1481 664 περ

289 701 412 788 νέρθεν
434 697 492 768 ὑπ’
520 701 732 789 ἐγκεφάλοιο,
754 703 873 770 κέασσε
896 698 927 768 δ’
954 699 1009 788 ἀρ’
1035 698 1133 769 ὀστέα
1155 700 1271 768 λευκά·

289 809 324 876 έκ
348 805 380 874 δ’
407 809 582 895 ἐτίναχθεν
606 805 756 893 όδόντες,
780 808 984 895 ἐνέπλησθεν
1008 809 1048 875 δέ
1066 816 1124 876 λοι
1146 805 1246 894 ἀμφοι

290 917 428 1001 αἵματος
451 913 637 1002 ὀφθαλμοί·
662 913 699 984 τό
724 912 755 982 δ’
782 911 845 982 ἀνά
870 912 976 1000 στόμα
999 914 1054 980 καλ
1076 912 1159 980 κατά
1183 916 1281 998 ῥῖνας

289 1025 393 1110 πρῆσε
416 1026 540 1110 χανοόν·
563 1020 718 1090 θανάτου
741 1020 778 1089 δέ
800 1021 904 1108 μέλαν
925 1020 1029 1107 νέφος
1051 1017 1302 1107 ἀμφεκάλυψεν.
1423 1042 1477 1088 σου

379 1119 474 1197 οὗτοι
498 1127 551 1216 ἀρ’
578 1125 739 1216 ἡγεμόνες
762 1131 910 1196 Δαναῶν
934 1127 1012 1194 έλον
1034 1124 1142 1211 ἀνδρα
1165 1128 1337 1207 λέκαστος.

289 1237 334 1301 ὡς
357 1238 392 1301 δὲ
416 1239 506 1303 λύκοι
529 1238 692 1318 λάρνεςςιν
715 1239 877 1317 ἐπέχραον
900 1239 919 1317 ἢ
943 1237 1098 1317 έρίφοιςιν

291 1342 401 1422 ςίνται,
425 1344 505 1409 ὑπὲκ
528 1348 638 1426 μήλων
662 1345 857 1428 αἱρεύμενοι,
880 1345 914 1410 οἵ
936 1342 964 1408 τ’
987 1343 1023 1407 ἐν
1046 1341 1169 1422 ὄρεςςιν

291 1452 442 1529 ποιμένος
466 1450 636 1535 ἀφραδίῃςι
659 1453 840 1531 διέτμαγεν·
864 1452 895 1515 οἳ
920 1453 955 1515 δὲ
978 1448 1120 1516 λιδόντες

291 1555 373 1636 αἶψα
396 1557 622 1636 διαρπάζουςιν
645 1558 800 1624 ἀνάλκιδα
823 1558 924 1637 θυμόν
947 1557 1094 1637 ἑχούεας·

291 1663 335 1728 ὣς
358 1664 486 1730 Δαναοὶ
509 1666 666 1744 Τρώεςςιν
689 1666 861 1744 ἐπέχραον.
907 1665 938 1729 οἳ
961 1665 997 1727 δὲ
1020 1662 1138 1742 φόβοιο

291 1769 489 1836 δυσκελάδου
510 1773 682 1853 μνήςαντο,
706 1771 846 1837 λάθοντο
870 1772 905 1836 δὲ
930 1770 1078 1849 θούριδος
1101 1769 1207 1849 ἀλκῆς.

381 1881 466 1954 Αίας
489 1871 521 1942 δ’
547 1871 564 1942 ό
590 1876 690 1962 μέγας
716 1874 789 1943 αίδν
812 1871 865 1962 ἐφ’
893 1871 1026 1960 Ἕκτορι
1050 1877 1299 1961 χαλκοκορυστῇ

291 1977 375 2048 πέλετ’
401 1977 605 2050 ἀκοντίσσαι·
631 1979 650 2050 δ
674 1981 711 2051 δὲ
733 1985 864 2070 λιδρείη
888 1981 1060 2067 πολέμοιο,

292 2082 410 2155 ἀσπίδι
432 2091 566 2176 ταυρείη
590 2089 835 2175 κεκαλυμμένος
858 2083 975 2175 εὐρέας
997 2084 1123 2173 ὤμους,

293 2190 438 2262 σκέπτετ’
465 2191 587 2262 ὀιστῶν
610 2220 644 2262 τε
668 2196 780 2280 ῥοῖζον
802 2195 858 2263 καλ
882 2196 1012 2262 δοῦπον
1035 2190 1197 2260 ἀκόντων.

292 2293 314 2386 ἦ
338 2299 399 2387 μὲν
423 2303 464 2388 δὴ
489 2306 630 2387 γίνωσκε
653 2299 760 2389 μάχης
782 2301 955 2388 ἑτεραλκέα
978 2304 1091 2385 νίκην·

294 2403 377 2474 ἀλλά
401 2405 457 2474 καὶ
481 2398 526 2488 ὥς
548 2404 725 2494 ἀνέμιμνε,
748 2408 818 2475 σάοι
842 2404 874 2474 δ’
900 2405 1057 2494 έρίληρας
1079 2405 1238 2490 ἑταίρους.

382 2514 426 2579 ιλιι
450 2513 479 2578 δ’
501 2514 549 2580 ὅτ’
571 2513 626 2581 ἀπ’
649 2517 824 2595 Οὐλύμπου
848 2517 949 2596 νέφος
972 2515 1099 2597 ἔρχεται
1123 2513 1265 2592 οὐρανόν
1289 2513 1363 2578 εἴςω

294 2621 420 2700 αἰθέρος
444 2623 480 2685 ἐκ
502 2621 583 2702 δίης,
607 2621 661 2687 ὅτε
684 2642 720 2687 τε
744 2623 826 2688 Ζεὺς
849 2623 991 2687 λαίλαπα
1013 2621 1114 2706 τείνῃ,
1416 2635 1469 2684 ³55

294 2724 339 2791 ὣς
361 2730 428 2790 τῶν
451 2728 486 2792 ἐκ
508 2731 596 2807 νηῶν
618 2730 733 2805 γένετο
756 2731 847 2809 λιαχή
870 2749 906 2794 τε
930 2729 1034 2809 φόβος
1057 2747 1108 2795 τε·

295 2833 371 2898 οὐδὲ
395 2833 475 2898 κατὰ
498 2839 613 2914 μοῖραν
637 2837 760 2914 πέραον
783 2835 888 2901 πάλιν.
934 2838 1070 2915 Ἕκτορα
1094 2833 1122 2898 δ’
1144 2835 1238 2899 ἵπποι

295 2939 435 3018 ἔκφερον
459 2939 624 3006 ὠκύποδες
648 2944 703 3007 ςὺν
727 2944 862 3022 τεύχεα,
887 2947 978 3008 λελπε
1002 2944 1037 3008 δὲ
1062 2941 1143 3006 λαόν

295 3046 451 3124 Τρωικόν,
475 3047 531 3112 οὓς
554 3045 726 3114 ἀλέκονιας
749 3048 866 3130 ὀρυκτὴ
888 3049 1013 3130 τάφρος
1036 3049 1157 3128 ἔρυκεν.

295 3155 412 3218 πολλοὶ
435 3151 463 3217 δ’
486 3153 522 3218 ἐν
545 3153 660 3238 τάφρῳ
684 3156 912 3236 λερυςάρματες
935 3156 1033 3221 ὠκέες
1056 3155 1150 3219 ἵπποι

297 3257 421 3324 λάξανί
445 3262 481 3325 ἐν
504 3261 623 3345 πρώτῳ
647 3262 736 3347 ῥυμῷ
760 3263 855 3328 λίπον
879 3263 962 3344 ἅρμα
985 3261 1159 3327 Ἑανὰκτυιν.

295 3365 483 3445 Πάτροκλος
506 3366 534 3432 δ’
558 3369 654 3434 ἕπετο
678 3370 841 3448 ςφεδανόν
864 3370 1020 3435 Δαναοῑςι
1045 3368 1200 3444 κελεύων,

295 3474 397 3552 Τρωςὶ
421 3474 501 3539 κακὰ
523 3477 684 3554 φρονέων.
730 3476 760 3540 οἳ
785 3477 821 3539 δὲ
843 3480 934 3560 λιαχῇ
958 3496 993 3541 τε
1017 3474 1112 3558 φόβῳ
1135 3495 1170 3538 τε

367 3679 565 3730 ιιι-κτον
638 3677 838 3730 ουοεοιεο
911 3635 1134 3730 οειεὲοοετ
1203 3669 1432 3728 οιν-τ-Νεεε

296 3760 503 3810 ιεο--Διοο
575 3759 775 3809 ετιιςειο
847 3760 1061 3810 ετοελιοε.

230 3984 238 4006 ⁸
367 3939 419 3987 345
437 3953 479 4002 γρ.
497 3927 656 4002 Ὀρόμαντα
674 3932 760 3988 schol.
779 3933 805 3987 V
872 3938 923 3988 349
943 3927 1085 4003 όφθαλμιό
1104 3929 1175 3987 coni.
1195 3931 1262 3986 Sittl
1331 3937 1382 3987 351
1405 3929 1466 3988 ἕλεν

297 4012 317 4067 C
338 4007 484 4082 -ἀνδρα
505 4011 625 4068 ἕκαστον
645 4012 676 4082 S,
702 4033 744 4082 γρ.
763 4008 870 4084 ἀνδρας
888 4009 1018 4083 ἀρίστους
1036 4013 1122 4069 schol.
1141 4012 1166 4064 A
1245 4017 1298 4066 354
1316 4011 1466 4082 διέτμαγον

298 4094 316 4148 S
403 4098 544 4149 aas-363
563 4090 681 4164 posthae
699 4093 811 4150 additos
828 4096 912 4165 putat
929 4094 1063 4163 Βιλιιλτοτ,
1086 4096 1151 4149 ουλε
1171 4099 1275 4148 θόλ-’λ
1294 4092 1468 4162 transposuit

297 4173 420 4244 Κδολιλγ,
444 4173 478 4228 cf.
499 4173 568 4243 prol.
588 4191 616 4244 p.
634 4179 669 4229 26
759 4180 810 4230 363
835 4171 905 4230 οάου
924 4174 1014 4230 Cobet
1035 4173 1112 4228 misc.
1132 4172 1192 4230 crit.
1212 4178 1264 4227 293
1355 4177 1408 4227 ³65
1427 4193 1467 4241 γρ.

298 4255 412 4308 λαίλαπι
432 4252 517 4309 schol.
536 4251 559 4307 Β
660 4257 799 4308 367-371
822 4257 975 4324 ετριιιιολοε
994 4255 1056 4309 vult
1073 4252 1168 4328 Νιιδοτ
1186 4253 1293 4322 quaest.
1312 4251 1389 4308 hom.
1409 4257 1469 4320 186,

298 4332 358 4400 ipse
377 4332 471 4402 potius
489 4337 630 4388 377-383
649 4331 833 4404 interpolatos
852 4333 942 4389 sentio
1047 4338 1098 4388 θθθ
1119 4331 1232 4403 έροιιενι
1260 4328 1340 4400 ἔεργε
1361 4332 1380 4386 S

299 4416 352 4466 371
373 4407 477 4482 ἅρματ’
497 4407 628 4469 ἀνάκτοιν
647 4413 726 4470 codd.
834 4419 949 4469 θέλ-6
968 4413 1034 4472 eiec.
1053 4413 1171 4484 Kbohly.
