3280 5104
658 407 898 474 -129-

190 567 302 651 ἐίίοης
324 573 356 630 A
379 567 453 632 468.
480 567 554 632 602.
577 571 604 631 Β
628 567 691 632 431
717 580 772 632 etc.
819 567 966 632 baelicam
990 571 1082 648 igitur
1106 570 1229 630 termam
1252 567 1358 630 horum

191 667 400 729 vocabulorum
425 670 503 728 tueri
526 667 620 728 multo
644 669 821 746 prudentius
845 668 916 728 duxi
940 685 1027 747 quam
1052 686 1120 727 cum
1140 666 1232 744 hogio
1251 666 1360 746 Papne·

190 763 301 844 linight
328 757 519 846 dlfe'pvcav
548 756 702 846 ἆΗίαχοι
727 768 891 845 corrigere,
919 767 1005 826 cuius
1028 767 1225 826 temeritatem
1250 764 1360 824 Cobeto

188 881 308 941 quoque
332 861 480 941 placuisse
504 881 562 922 non
587 880 707 942 possum
732 882 789 924 non
814 864 924 922 mirari.
961 861 1018 922 Sed
1041 864 1129 922 otiam
1150 861 1201 922 ubi
1220 861 1360 922 aeolicam

190 959 314 1020 formam
339 979 398 1021 non
422 949 584 1021 necessitas
602 961 690 1020 metri
710 958 896 1039 suggerebat,
920 959 972 1019 sed
992 959 1052 1020 sola
1071 959 1264 1020 commoditas
1283 977 1362 1019 com-

188 1056 356 1135 mendabat,
379 1057 474 1117 lacilis
498 1058 554 1118 luit
576 1056 723 1120 Homerus
747 1059 777 1117 in
801 1055 981 1134 recipiendis
1005 1056 1108 1117 lormis
1132 1075 1254 1117 suorum
1279 1056 1361 1116 audi-

190 1165 289 1216 torum
314 1153 436 1215 auribus
461 1173 557 1234 neque
577 1157 735 1234 incognitis
755 1174 851 1235 neque
870 1157 1004 1235 ingratis,
1028 1173 1154 1234 quorum
1175 1173 1209 1216 ex
1226 1173 1360 1216 -rmmero

190 1253 365 1314 notabiliora
389 1261 471 1314 sunt:

279 1341 379 1412 εὔαδε
394 1377 436 1399 =
452 1347 550 1410 diade
573 1345 604 1420 Ξ
624 1347 697 1411 340.
722 1351 751 1410 Ρ
770 1349 843 1412 647.
867 1369 891 1412 π
914 1349 971 1431 23,

278 1447 416 1530 πίσυρες
431 1475 472 1498 ==
486 1441 641 1529 τέσσαρες
666 1445 791 1510 0680.
819 1449 856 1508 Ψ
880 1447 950 1509 171.
974 1449 1007 1508 Ω
1031 1447 1104 1510 233.
1128 1468 1143 1509 ε
1164 1447 1214 1524 70,

278 1537 425 1625 ἄπεύρας
443 1547 472 1606 Θ
494 1542 558 1607 237
582 1555 613 1607 et
635 1535 791 1626 ἄπεύρων
814 1548 846 1607 A
868 1543 935 1607 430
958 1547 979 1606 Ι
1002 1543 1074 1608 131.
1101 1545 1131 1606 Τ
1150 1544 1202 1606 89.
1230 1547 1267 1606 Ψ
1287 1543 1362 1608 560.

190 1642 262 1706 808.
286 1664 308 1704 ν
335 1641 411 1722 132,
846 1649 854 1664 ·

74 1747 83 1760 “
276 1735 473 1823 καλαύροπα
504 1742 541 1801 Ψ
566 1737 645 1822 845,
672 1735 876 1822 ταλαύρινον
898 1743 929 1804 Ε
950 1739 1024 1804 289.
1048 1743 1086 1802 Η
1105 1739 1179 1802 239.
1206 1743 1235 1800 Τ
1257 1740 1306 1804 78.
1332 1742 1366 1802 X

188 1839 262 1922 267,
286 1831 412 1918 εὔληρα
440 1840 477 1900 Ψ
493 1837 567 1919 481,
590 1832 801 1914 ταναύποὸος
819 1861 831 1902 ι
850 1837 925 1920 464,
949 1831 1088 1918 εὔκηλος
1106 1841 1138 1898 A
1156 1837 1230 1900 554.
1247 1838 1360 1902 Ρ371.

189 1961 210 2018 γ
237 1936 312 2002 263.
335 1935 352 2012 ξ
375 1934 456 2010 479,
484 1956 524 1996 ex.
538 1928 732 2019 ualdfporru
755 1931 960 2016 aulolfpwov
983 1934 1106 2016 trinae
1130 1931 1361 2010 ταναὲόποδος

192 2035 331 2116 ξῐκηλος
353 2034 511 2115 liquefacta
536 2034 631 2096 littera
656 2035 801 2114 digamma
825 2045 902 2116 orta,

277 2125 481 2215 πεμπώβολα
500 2135 532 2193 Α
548 2130 615 2194 403
638 2141 668 2193 et
691 2153 712 2211 γ
733 2130 809 2214 460,
833 2132 911 2212 quod
936 2131 1111 2194 vocabulum
1135 2152 1171 2194 ex
1195 2123 1313 2212 ὀβολὸς
1332 2144 1362 2195 et

189 2231 303 2294 aeolico
335 2224 440 2311 πέμπε
473 2233 669 2310 compositum
702 2250 770 2292 cum
803 2233 897 2292 sacris
927 2230 1050 2292 Aeolum
1083 2231 1242 2292 cohaerere
1271 2232 1363 2292 refert
1480 2271 1485 2284 ·

191 2329 491 2392 Pseudo-Herodotus
515 2332 564 2392 rit.
588 2329 709 2390 Homeri
733 2349 758 2390 c.
777 2327 830 2390 37.

279 2420 497 2508 κεκλήγοντες
518 2428 563 2490 Μ
583 2425 655 2490 125.
679 2429 716 2488 Π
736 2424 810 2488 430.
834 2423 1157 2508 emersuram
1181 2428 1259 2506 ηυοι1
1283 2430 1361 2488 enim

189 2524 381 2586 Aristarchus
417 2527 509 2586 nimio
549 2524 617 2585 odio
650 2524 859 2586 aeolismorum
890 2523 1062 2603 compulsus
1093 2523 1294 2604 κεκληγῶτες
1326 2525 1362 2586 ad

191 2624 355 2703 analogiam
385 2623 547 2686 formarum
574 2619 742 2703 μεμαῶτες
770 2631 800 2683 et
826 2619 1013 2703 τεθνηῶτες
1037 2622 1169 2684 seribere
1194 2641 1284 2684 ausus
1308 2631 1363 2704 est,

189 2724 312 2784 minime
339 2721 411 2782 mihi
435 2721 554 2801 quidem
578 2719 730 2806 probatur,
757 2723 895 2802 quoniam
920 2739 995 2800 quae
1018 2739 1107 2782 causa
1131 2723 1166 2782 ad
1192 2721 1362 2801 productio·

189 2839 258 2882 nem
282 2818 391 2880 vocalis
414 2818 533 2880 illorum
556 2817 714 2880 verborum
739 2838 773 2880 ex
797 2811 979 2899 pepufdceg
1001 2812 1202 2899 sthenelus
1225 2829 1361 2881 natorum

189 2918 389 2981 excusandam
412 2927 442 2978 et
465 2917 678 2978 defendendam
703 2917 791 2999 valet,
819 2915 848 2976 id
873 2917 908 2976 ad
933 2915 990 2976 hoc
1014 2915 1137 2978 verbum
1160 2935 1220 2978 non
1244 2919 1364 3004 attinet3

191 3036 247 3096 qua
272 3017 309 3077 de
333 3033 422 3076 causa
446 3023 560 3076 tantum
584 3013 681 3094 abest,
704 3024 737 3075 ut
761 3013 923 3074 Aristarchi
947 3022 1150 3074 correcturam
1174 3012 1307 3093 probem,
1330 3023 1364 3074 ut

190 3118 278 3176 etiam
308 3121 410 3174 eontra
435 3111 579 3172 librorum
603 3111 690 3171 fidem
719 3112 748 3173 B
771 3108 836 3172 314
858 3110 1068 3190 τετρίγοντας
1091 3129 1145 3190 pro
1168 3107 1364 3193 τετριγῶτας

191 3209 397 3291 reponendum
420 3227 485 3270 esse
509 3227 654 3270 censeam.
692 3209 849 3270 Praeterea
872 3208 1036 3301 infinitivus
1058 3209 1185 3287 perlecti
1203 3215 1363 3288 γεγωνεῖν

194 3311 234 3370 Μ
263 3305 343 3388 337,
375 3325 464 3387 quem
496 3308 597 3368 nescio
630 3325 666 3368 an
700 3309 811 3368 rectius
843 3297 1004 3384 γεγῶνειν
1037 3305 1164 3385 scribas,
1201 3305 1363 3384 analogiam

191 3407 319 3468 aeolicae
348 3404 465 3466 dialecti
494 3408 578 3484 sequi
606 3405 733 3466 videtur.
778 3403 851 3464 Nam
879 3405 1029 3482 ineptiunt
1057 3405 1109 3484 qui
1136 3411 1251 3464 ceteras
1274 3403 1364 3465 huius

193 3505 275 3566 verbi
304 3504 417 3564 turmas
445 3503 558 3564 ordinis
586 3509 808 3564 contractorum
837 3519 902 3562 esse
930 3501 1048 3582 dicunt;
1075 3511 1178 3562 contra
1202 3501 1308 3563 Aeoles
1331 3509 1364 3562 ut

192 3597 308 3688 (ριέρηνι
327 3609 357 3662 ct
385 3593 509 3682 λα’βην,
539 3603 582 3661 sic
609 3593 824 3680 τεθεωρήκην
852 3617 970 3678 quoque
998 3607 1029 3658 et
1054 3591 1224 3679 τεθνᾶκην
1253 3599 1363 3660 dixisse

193 3685 322 3780 constat3
346 3698 382 3760 cl.
401 3698 532 3778 Meister,
556 3698 608 3758 llic
632 3697 743 3778 griecb.
764 3697 834 3758 llial.
856 3696 868 3756 1
887 3715 914 3776 p.
937 3693 1009 3756 190.
1045 3695 1149 3756 Omnis
1173 3705 1270 3757 autem
1290 3697 1362 3756 haec

193 3797 362 3858 declinandi
386 3799 461 3856 ratio
486 3796 596 3857 aeolica
619 3797 715 3877 audit,
739 3797 807 3875 qnia
831 3812 917 3872 saepe
942 3791 978 3853 ab
1001 3792 1141 3853 heolihus
1166 3792 1363 3871 scriptoribus

192 3903 335 3974 usurpata
367 3895 530 3975 invenitur,
563 3895 663 3954 minus
692 3901 791 3954 antem
821 3891 856 3951 ad
888 3890 1006 3951 dialecti
1034 3893 1245 3970 proprietatem
1275 3907 1363 3968 quam

192 3993 227 4052 ad
258 4009 392 4052 errorem
422 3993 569 4071 quendam
597 3993 778 4069 scriptorum
807 3987 852 4050 vel
881 3997 1034 4067 poetarum
1063 3985 1185 4048 Aeolum
1212 3989 1363 4066 pertinere

192 4090 319 4152 videtur.

281 4186 302 4264 ὅ
328 4183 378 4248 75.
424 4185 636 4248 Pronominum
659 4185 786 4248 aeolicae
810 4185 921 4246 formae
945 4183 1154 4264 perhibentur:

282 4275 386 4364 ἄμμες
411 4285 443 4346 Φ
465 4282 539 4346 432.
564 4304 576 4345 ι
599 4282 673 4346 303.
696 4282 770 4345 321.
794 4304 813 4364 χ
836 4279 894 4365 55,

280 4373 364 4462 ἄμμι
389 4384 420 4441 A
443 4379 517 4444 384.
541 4383 568 4443 Β
595 4379 666 4444 137.
692 4385 725 4443 Δ
750 4377 822 4443 197.
847 4376 920 4440 207.
943 4377 964 4440 Ι
985 4377 1060 4442 427.
1084 4379 1115 4440 Λ
1139 4375 1213 4444 714.
1238 4381 1266 4442 O
1288 4381 1363 4446 493.

195 4479 228 4539 Σ
249 4477 323 4541 279.
349 4481 378 4540 Τ
401 4477 474 4542 140.
503 4478 632 4542 19160.
656 4501 676 4540 α
703 4478 779 4560 123,

248 4591 316 4643 illu,
328 4590 362 4630 ed.
377 4590 461 4631 conat.
1135 4583 1152 4631 9
