3192 5096
310 384 373 448 734
759 381 1022 440 EPILEGOMENA

308 543 475 633 ἀκάματος
498 543 613 634 ἀνέρες
636 555 713 613 ictus
732 553 759 611 vi
779 552 937 631 producta,
957 551 1095 633 aliorum,
1119 562 1152 613 ut
1171 545 1316 626 εἴνόδιος
1335 546 1475 626 εἴνᾶλιος

308 647 471 724 εἴλάτινος
494 648 650 731 Εἴρετρῖα
673 641 826 730 ἠνεμόεις
854 640 977 730 ἠνορέη
1005 640 1168 729 ἠμαθόεις
1196 641 1344 732 ἠγᾶθεος
1367 643 1475 732 ἠγερέ-

307 752 427 811 θονται
452 741 623 830 ἠυγένειος
646 740 793 828 ἠύκομος
812 740 952 826 οἰέτεας,
976 750 1006 808 in
1030 749 1179 809 conllnem
1198 749 1416 828 diphthongum
1436 750 1476 810 rel

309 848 438 909 vocalem
467 847 582 926 longam
612 854 722 908 mutata
751 855 810 926 est,
842 845 899 906 boc
927 845 996 907 inde
1024 846 1231 926 explicandum
1259 865 1325 908 esse
1354 849 1476 927 ridetur,

308 935 389 1027 qrrod
412 945 551 1026 rhapsodi
575 954 604 1006 et
628 946 812 1023 grammatici
839 943 954 1022 longam
982 963 1095 1005 moram
1124 943 1251 1023 syllabae
1274 947 1363 1005 etiam
1388 946 1477 1006 rorali

307 1045 392 1124 longa
417 1047 534 1124 signare
557 1046 597 1104 ita
621 1049 853 1122 consueverunt,
878 1051 922 1121 ut,
950 1043 1009 1102 nisi
1036 1043 1252 1104 consuetudine
1280 1043 1400 1104 dicendi
1428 1046 1477 1103 im-

307 1143 512 1223 pediebantur,
531 1161 546 1203 ε
565 1143 596 1202 in
615 1161 660 1219 ει,
684 1161 704 1200 α
724 1143 754 1201 in
773 1159 810 1220 η,
830 1160 848 1199 o
867 1141 898 1200 in
918 1159 950 1200 οι
969 1142 1067 1201 ionico
1085 1159 1168 1201 more
1188 1149 1347 1202 mutarent
1386 1140 1477 1202 Huius

294 1261 377 1302 -vero
401 1243 446 1302 rei
469 1239 655 1320 praeclarum
678 1239 890 1299 documentum
913 1237 1034 1299 Fickius
1057 1237 1074 1298 l.
1094 1239 1112 1298 l.
1131 1257 1158 1317 p.
1179 1236 1244 1300 328
1268 1238 1376 1320 attulit,
1402 1240 1477 1318 quod

307 1350 459 1402 auctorem
483 1341 562 1400 scuti
585 1336 723 1398 Herculis
751 1355 776 1396 v.
796 1334 836 1397 91
867 1338 897 1396 in
922 1334 1043 1397 Homeri
1066 1337 1155 1396 lliade
1183 1337 1213 1398 T
1231 1335 1292 1399 118
1321 1355 1382 1398 non
1412 1330 1478 1418 ἠλι-
1508 1375 1516 1388 ·

258 1483 261 1488 -
306 1431 471 1518 τόμηνον,
491 1437 568 1516 quod
589 1444 708 1496 nostros
727 1433 820 1494 libros
838 1435 946 1495 invasit
960 1453 1076 1515 omnes,
1096 1436 1148 1495 sed
1164 1435 1482 1496 AAlTEMENOb'

254 1557 257 1564 ·
307 1539 451 1614 scriptum
485 1537 633 1595 invenisse
667 1533 775 1593 docuit.
832 1531 968 1593 Forsitan
1001 1535 1090 1594 etiam
1123 1533 1231 1594 vocalis
1263 1555 1283 1614 η
1317 1534 1478 1594 formarum

305 1625 404 1716 ἠέρος
422 1625 552 1714 ἠερόεις
570 1623 684 1712 ἠείδης
702 1622 900 1711 ἠερέθονται
920 1649 978 1690 non
998 1631 1034 1691 ab
1054 1630 1183 1691 Homero
1202 1631 1335 1711 prolecta
1358 1635 1409 1712 sit,
1431 1633 1479 1692 sed

306 1751 321 1792 a
350 1732 505 1810 rhapsodis
539 1731 652 1810 priscas
681 1731 791 1791 lormas
820 1719 940 1810 ἄῖέρος
973 1724 1101 1808 ε’ἴείδης
1129 1728 1175 1790 vel
1203 1721 1323 1808 ἀνέρος
1350 1723 1480 1810 εὐείδ-ης

306 1829 577 1909 corrumpentibus.
614 1829 747 1908 Denique
767 1829 825 1888 nisi
849 1829 901 1906 qui
921 1829 1002 1888 casui
1022 1845 1110 1906 quam
1129 1829 1237 1888 rationi
1256 1828 1381 1889 credere
1402 1828 1479 1888 malit

306 1929 382 1989 iorte
407 1929 524 1990 fortuna
550 1929 660 1989 tactum
684 1945 749 1988 esse
773 1924 830 1986 sibi
852 1923 1055 2004 persuadebit,
1079 1933 1113 1986 nt
1131 1927 1318 2004 paucissimis
1337 1925 1414 1986 locis
1432 1945 1478 1987 er·

306 2029 400 2106 ceptis
425 2027 536 2087 formae
560 2028 769 2105 pronominum
788 2022 988 2104 personalium
1010 2013 1105 2102 ἡμεῖς
1122 2013 1218 2103 ὑμεῖς
1240 2013 1319 2104 ἡμῖν
1339 2015 1424 2104 ὑμῖν
1442 2027 1478 2084 ita

306 2125 337 2184 in
361 2143 448 2185 versu
472 2123 632 2185 collocatae
656 2125 724 2204 sint,
748 2131 782 2183 ut
805 2121 896 2181 altera
920 2119 1029 2200 syllaba
1053 2123 1118 2200 ipsa
1141 2122 1289 2198 positione
1312 2129 1383 2182 ante
1409 2123 1478 2182 duas

306 2239 452 2282 consonas
475 2221 589 2283 litteras
613 2221 803 2301 producatur.
849 2218 921 2279 lnde
943 2216 1105 2278 Homerum
1129 2220 1217 2278 etiam
1240 2221 1272 2278 in
1296 2218 1479 2280 declinandis

306 2319 532 2398 pronominibus
561 2318 707 2380 αἴολίσαι
738 2317 783 2378 vel
813 2308 969 2397 ἄρχαΐσαι
998 2324 1081 2376 ratus
1109 2317 1219 2376 formas
1247 2307 1353 2396 ἄμμες
1376 2309 1480 2398 ἄμμες

306 2409 411 2498 ἄμμιν
425 2410 530 2498 ὔμμιν
545 2421 575 2477 in
591 2416 679 2479 lliade
695 2416 806 2496 ubique
820 2413 1020 2475 restituendas
1041 2431 1148 2474 censeo
1169 2416 1360 2475 consentiens
1380 2417 1413 2476 in
1427 2417 1479 2475 beo

306 2534 339 2576 re
358 2535 426 2576 cnm
446 2515 547 2576 Fickio
568 2523 598 2576 et
617 2513 733 2575 Sittelio
754 2511 872 2593 (Philol.
887 2511 987 2592 XLlll,
1006 2509 1049 2572 24
1064 2506 1132 2593 su),
1151 2529 1244 2591 pauca
1263 2520 1363 2573 autem
1384 2533 1479 2574 exem·

307 2615 355 2694 pla
378 2613 540 2693 productae
564 2611 686 2673 alterius
711 2610 838 2691 syllabae
862 2618 913 2670 aut
936 2612 1059 2670 metrica
1083 2608 1201 2670 licentia
1230 2612 1308 2670 ictus
1333 2605 1384 2694 (A
1406 2609 1478 2673 246,

277 2703 281 2712 ’
309 2711 433 2773 11194.
462 2711 484 2770 Ι
500 2709 573 2772 649.
604 2711 640 2770 Μ
661 2707 734 2770 223.
767 2701 901 2788 uttan)
930 2707 974 2768 vel
1002 2709 1115 2786 primae
1143 2701 1198 2790 (H
1212 2705 1264 2768 32.
1293 2704 1422 2792 Ξ481)
1450 2717 1479 2769 et
1578 2779 1579 2800 η

306 2819 427 2889 quartae
455 2826 559 2869 versus
588 2808 667 2868 sedis
696 2803 742 2890 (Γ
758 2804 830 2868 104.
859 2803 979 2866 Θ142.
1008 2805 1042 2866 K
1058 2799 1139 2886 445)
1168 2823 1279 2866 excuso
1308 2817 1360 2868 ant
1387 2811 1478 2867 corri-
1578 2817 1579 2872 ζ

306 2909 399 2988 gendo
419 2909 520 2968 lutino
536 2906 644 2967 editori
663 2905 846 2968 commendo.
876 2903 916 2964 Ut
934 2912 1033 2963 autem
1053 2905 1263 2982 pronominum
1283 2904 1479 2966 versicolores
1578 2893 1579 2962 J

306 2993 471 3068 declinatus
499 3004 681 3066 emendando
714 3003 749 3064 ad
778 3003 960 3064 conformem
993 3002 1139 3081 quandam
1154 3003 1367 3063 'constantiam
1396 3022 1478 3064 revo-

306 3122 373 3166 care
405 3103 486 3183 licet,
515 3105 558 3162 sic
586 3104 674 3162 etiarn
703 3101 828 3162 aliorum
856 3097 1066 3159 vocabulorum
1096 3098 1232 3178 duplices
1262 3100 1374 3160 formae
1399 3101 1477 3161 velut

305 3201 391 3263 ἕσσω
416 3210 446 3262 et
468 3201 562 3279 εἴσω,
587 3201 697 3279 ἴμεναι
721 3208 751 3260 et
769 3192 870 3276 ἴέναι,
893 3188 961 3277 μὰν
984 3204 1014 3256 et
1032 3188 1115 3276 μήν,
1139 3195 1243 3257 dubito
1266 3215 1302 3257 an
1325 3197 1477 3278 analogiae

305 3299 419 3378 legibus
443 3299 565 3377 astringi
589 3299 705 3377 possint
728 3305 758 3356 et
781 3295 916 3356 debeant.
958 3293 1021 3354 lluc
1045 3303 1144 3355 autem
1168 3296 1298 3372 pertinet
1321 3297 1412 3356 etiam
1435 3299 1476 3356 in·

305 3399 470 3457 constantia
494 3395 630 3457 codicum
658 3397 689 3455 in
713 3401 871 3473 augmento
900 3392 978 3470 quod
1007 3391 1111 3452 dicunt
1140 3392 1296 3472 temporali
1319 3393 1474 3454 adiciendo

306 3502 357 3555 ant
384 3493 546 3554 omittendo
573 3495 652 3554 insto
680 3493 782 3552 maior.
832 3489 905 3550 Nam
934 3488 1095 3551 Homerum
1123 3491 1222 3567 ipsum
1251 3489 1326 3552 banc
1357 3491 1474 3572 qnidam

305 3593 533 3652 inconstantiam
558 3609 616 3650 non
640 3608 764 3669 prorsus
783 3590 894 3668 fugisse
913 3587 981 3648 inde
1000 3595 1094 3667 patet,
1114 3586 1194 3666 quod
1215 3606 1302 3667 saepe
1321 3590 1352 3648 in
1373 3590 1473 3649 eodem

306 3690 436 3749 carmine
460 3687 569 3768 duplex
592 3688 685 3748 forma
709 3695 805 3748 metro
829 3685 956 3746 stabilita
980 3693 1038 3764 est,
1067 3683 1147 3746 velut
1170 3675 1336 3765 ὀδύροντο
1360 3687 1394 3747 Ω
1415 3685 1474 3750 714

306 3794 336 3846 et
359 3775 533 3866 ὠδύροντο
552 3785 585 3844 Ω
607 3781 684 3866 166,
707 3775 862 3846 ἀκόντισε
881 3785 918 3844 Π
934 3781 999 3844 284
1023 3791 1053 3843 et
1073 3773 1229 3862 ἠκόντισε
1246 3785 1285 3844 Π
1299 3779 1375 3865 336,
1398 3777 1474 3864 ἄγα-

283 3903 364 3963 ,γεν
387 3883 420 3944 Ω
438 3880 502 3943 447
529 3890 558 3943 et
581 3874 683 3962 ἤγαγε
702 3881 735 3942 Ω
753 3879 827 3942 396.
864 3881 922 3942 Sed
946 3899 1001 3941 cur
1024 3882 1054 3940 in
1079 3879 1159 3942 duali
1182 3880 1301 3942 codices
1323 3899 1361 3941 ex
1386 3883 1473 3943 Arist·

307 3981 389 4042 archi
427 3989 586 4060 praecepto
625 3971 822 4060 ὁρμηθήτην
855 3979 886 4039 Ε
911 3975 962 4040 12.
993 3978 1023 4038 Ρ
1046 3976 1127 4059 530,
1164 3969 1331 4060 ἀιχθήτην
1369 3981 1403 4041 Ω
1428 3979 1475 4060 at,

305 4070 542 4160 προσαυδήτην
567 4078 597 4138 Α
618 4075 689 4139 136.
717 4079 750 4140 Χ
765 4075 809 4138 90
831 4075 951 4136 brevem
980 4075 1109 4136 vocalem
1137 4077 1330 4157 retinuerint,
1355 4080 1387 4138 in
1410 4078 1473 4139 reli·

307 4179 373 4256 quis
396 4178 500 4237 lormis
522 4175 684 4236 eorundem
708 4175 866 4236 verborum
890 4191 1009 4252 semper
1027 4173 1236 4255 produxerint,
1259 4177 1323 4236 eins
1342 4179 1388 4236 rei
1410 4194 1471 4256 pro·

306 4273 412 4335 babilis
431 4293 518 4336 causa
539 4275 638 4334 allerri
661 4276 773 4353 nequit,
797 4275 856 4333 nisi
875 4275 904 4333 in
924 4271 1066 4332 obsoletis
1085 4271 1183 4333 verbis
1205 4273 1379 4353 formisque,
1398 4273 1471 4334 relut

306 4375 422 4434 αἴνυτο
447 4370 557 4434 αἴδετο
582 4367 703 4452 ὄρουσε
721 4363 813 4446 ἅζετο
834 4362 913 4432 ἄλτο
934 4363 992 4452 (sic
1012 4372 1123 4432 rectius
1142 4387 1229 4450 quam
1248 4356 1329 4432 ἆλτο
1349 4369 1471 4452 scribas)

306 4463 453 4532 ἄῖαἴκον
477 4463 600 4550 ἄχνυτο
624 4461 747 4550 ἄμερδε
770 4460 906 4549 ἀγίνεον
925 4477 1057 4530 veterem
1076 4468 1323 4530 consuetudinem
1342 4469 1440 4530 verbis
1457 4487 1470 4528 a
