3280 5104
625 412 869 478 -159-

23 583 25 612 ·
156 578 288 640 dubitari
318 579 399 638 locos
427 585 628 657 repugnantes
655 577 688 638 Γ
713 574 784 638 103.
816 572 887 638 119.
915 577 950 638 X
974 573 1039 638 263
1066 580 1217 656 corrigere
1245 586 1276 640 et
1299 582 1330 638 in

156 677 305 757 Odysseae
334 694 452 755 quoque
480 675 616 736 versibus
644 673 665 736 6
693 671 736 736 85
763 684 794 735 et
821 695 832 734 ι
860 671 926 737 226
954 674 1080 738 Nauckii
1108 675 1331 738 emendationes

156 774 297 855 probare;
321 772 495 852 scrupulum
520 780 618 834 tamen
641 773 745 834 iniecit
763 773 910 852 digamma
928 772 1035 852 procul
1053 773 1143 834 dnbio
1163 774 1330 854 neglectum

156 873 287 934 nominis
311 871 435 932 derivati
459 863 600 951 ἆρνειός.

243 963 396 1051 έέθειρα·
422 987 500 1030 5555
524 971 575 1048 qui
598 976 745 1048 repugnat
767 968 850 1030 locus
873 970 903 1029 T
918 965 983 1032 382
1007 969 1155 1048 quomodo
1179 969 1330 1032 emendari

157 1071 259 1150 possit,
284 1087 343 1129 non
367 1067 467 1148 videm
491 1066 542 1126 sed
568 1069 668 1128 neseio
691 1085 729 1128 an
748 1075 830 1128 totus
848 1085 953 1129 versus
972 1085 1031 1128 una
1050 1086 1118 1129 cum
1137 1069 1330 1131 antecedente

157 1165 342 1226 damnandus
365 1168 413 1226 sit.
1008 1187 1010 1192 ·

244 1256 351 1325 fiam·
377 1270 409 1324 ut
433 1262 555 1323 verbnm
579 1263 704 1342 simplex
728 1281 815 1325 snum
839 1263 984 1342 digamma
1008 1264 1132 1324 retinuit
1155 1263 1176 1324 1
1198 1260 1272 1324 540.
1296 1265 1334 1324 ΙΙ

23 1323 24 1354 r
157 1359 230 1442 260,
250 1363 290 1422 ite
314 1361 532 1441 reduplicatum
555 1359 642 1422 ἔωθε
665 1369 696 1422 51
714 1354 828 1424 εἰώθει
847 1361 956 1423 abiecit
973 1362 1002 1421 Θ
1021 1359 1094 1422 408.
1114 1358 1327 1442 42263941
1371 1399 1373 1406 ’

157 1459 207 1520 556
231 1461 263 1520 in
288 1467 388 1520 vetere
408 1462 541 1520 carmine
557 1461 589 1520 E
607 1457 671 1521 766
690 1453 834 1541 μάλιστα
851 1453 984 1522 siamus
1001 1478 1057 1540 pro
1076 1449 1208 1540 μάλιστ’
1230 1460 1331 1520 εἴωθε

23 1569 30 1583 ’·
156 1575 302 1636 reponere
326 1575 386 1618 non
409 1556 549 1618 dubitavi.

243 1649 404 1730 finaeeog
432 1657 591 1737 digamma,
620 1657 699 1736 quod
727 1675 763 1716 er
790 1675 845 1718 sua
868 1657 983 1736 origine
1007 1663 1161 1735 acceptum
1185 1653 1332 1735 babuerit,

157 1755 294 1834 plurimis
332 1753 405 1815 locis
437 1753 536 1814 iliadis
568 1763 599 1814 et
630 1754 779 1834 Odysseae
812 1754 977 1815 obtinuisse
1010 1753 1070 1814 Leo
1102 1752 1203 1832 lleyer
1234 1751 1268 1812 11.
1303 1751 1331 1812 Z.

159 1851 238 1912 llllll
258 1849 323 1913 359
340 1871 403 1932 sqq.
424 1851 591 1914 luculenter
610 1852 719 1913 docuit.
754 1851 812 1912 Sed
837 1870 905 1912 eum
925 1870 983 1911 non
1003 1853 1091 1930 pauci
1109 1849 1166 1910 loci
1185 1866 1332 1910 consonae

159 1949 265 2010 initiali
290 1949 491 2012 restituendae
507 1949 702 2030 refragentur,
726 1948 806 2010 velut
828 1948 851 2008 I
866 1945 937 2010 180.
960 1944 1080 2010 11215.
1095 1945 1169 2008 388.
1193 1947 1224 2007 Λ
1240 1944 1278 2008 11
1291 1973 1333 1996 =

22 2105 24 2122 .
156 2043 185 2116 s
207 2043 280 2108 151.
307 2048 335 2108 5
360 2044 432 2109 189.
456 2044 530 2110 555.
553 2043 628 2109 sos.
652 2047 682 2106 r
700 2043 774 2110 252.
800 2042 1012 2108 recessa
1036 2046 1073 2106 ν
1089 2041 1141 2106 55.
1163 2041 1233 2106 107.
1257 2041 1331 2106 355.

22 2151 24 2166 '
156 2144 188 2204 Ω
206 2144 232 2206 1.
251 2165 273 2224 γ
294 2142 312 2206 7
328 2191 335 2206 .
351 2192 367 2226 .,
390 2164 427 2206 55
447 2147 546 2206 tritam
572 2145 691 2224 quidem
715 2163 819 2204 versus
843 2142 1004 2204 clausulam
1023 2135 1123 2222 μένος
1140 2135 1196 2203 καὶ
1214 2133 1331 2222 θνμὸν

156 2235 299 2304 ἑκάστου
321 2245 436 2323 vexavi,
465 2241 535 2304 licet
552 2244 712 2320 genuinam
737 2243 1012 2321 antiquissimorum
1038 2240 1137 2302 iliadis
1166 2242 1331 2302 carminum

155 2340 315 2402 lectionem
343 2332 443 2420 μένος
469 2335 583 2420 θνμόν
606 2359 641 2402 τε
663 2331 827 2402 feudatos
851 2341 942 2400 inisse
965 2339 1134 2402 concedam.

243 2436 389 2500 erucam
408 2430 499 2513 ddici
517 2437 710 2512 fastuosus·
730 2440 782 2519 qni
801 2439 946 2517 digamma
965 2445 1112 2516 respuunt
1132 2435 1189 2498 loci
1210 2436 1245 2497 N
1256 2433 1331 2498 204.

160 2537 197 2597 Ψ
218 2534 294 2598 309.
319 2534 384 2598 846
408 2536 493 2597 lacila
518 2537 726 2618 emendantur,
755 2537 807 2598 sed
831 2538 981 2616 corrigere
1006 2554 1103 2615 neque
1122 2537 1206 2614 potui
1230 2551 1332 2596 omnes

157 2653 253 2716 neque
283 2635 363 2696 volni
391 2635 419 2695 Β
450 2631 524 2696 575.
554 2635 588 2694 Σ
612 2632 687 2696 401.
719 2633 757 2694 Ψ
781 2630 857 2696 320.
885 2654 909 2714 μ
937 2629 1010 2696 355.
1038 2630 1136 2694 524.
1186 2631 1332 2693 Audacius

156 2733 211 2795 init
231 2732 371 2813 Cobetus,
395 2735 478 2796 misc.
502 2735 568 2794 crit.
592 2751 619 2812 p.
640 2729 715 2813 278,
738 2733 790 2811 qui
808 2750 863 2811 pro
883 2724 1026 2806 ἐλέλιξεν
1047 2726 1201 2810 ἐλελίχθη
1221 2727 1332 2807 ubique

156 2823 300 2906 ἐλέλιξεν
329 2827 484 2912 ἐιῑελίχθη
515 2831 620 2909 reponi
645 2831 746 2911 iussit,
770 2830 799 2891 id
824 2829 903 2909 quod
928 2827 1078 2890 nonnullis
1103 2827 1222 2908 quidem
1249 2826 1332 2907 locis,

157 2928 238 2990 velut
266 2930 298 2989 A
325 2925 390 2990 588
420 2927 516 3009 στῆτε
541 2919 751 3008 έελιχθέντες
779 2918 885 3010 (στῆτ’
917 2917 1278 3007 ἐλελιχθέντες5566.),
1303 2925 1335 2984 Ε

156 3023 230 3087 497.
256 3025 284 3086 Ζ
310 3023 382 3088 106.
406 3028 438 3087 Λ
456 3023 522 3088 214
546 3022 581 3087 oi
603 3015 635 3086 θ’
663 3020 884 3106 έέελίχθησαν
913 3017 964 3106 (ol
985 3015 1017 3086 d’
1044 3020 1127 3086 ἐλελ.
1154 3015 1254 3106 5566.)
1277 3015 1332 3084 καὶ

157 3117 307 3185 ἐναντίοι
331 3121 430 3184 ἔσταν
450 3115 605 3204 Ἀχαιῶν,
624 3124 650 3184 51
673 3124 890 3201 comparaveris
918 3121 962 3182 M
982 3119 1023 3184 76
1048 3113 1250 3200 ἑλιχθέντων
1273 3109 1330 3178 ὑπ’

155 3213 298 3303 Ἀχαιιόν
327 3222 486 3284 admodum
514 3223 615 3282 arrisit
643 3239 739 3300 neque
767 3229 866 3282 tamen
894 3221 935 3280 ita
964 3238 1018 3280 nos
1043 3227 1143 3298 captos
1167 3221 1276 3300 tenuit,
1300 3227 1332 3278 ut

157 3321 281 3382 terbum
315 3316 471 3398 ἐλελίζειν
503 3321 646 3382 radicitus
678 3319 886 3400 crederemus,
919 3335 975 3396 qna
1009 3316 1045 3376 de
1079 3334 1111 3376 re
1140 3317 1213 3378 scite
1242 3315 1331 3376 75515-

157 3422 317 3480 meistcrus
345 3421 376 3479 in
400 3421 517 3498 egregia
542 3434 669 3480 censura
692 3415 878 3479 Nauclrianae
903 3413 1043 3474 editionis
1066 3411 1167 3476 lliadis
1190 3413 1332 3474 disseruit

158 3516 300 3578 Zeitsebr.
326 3518 344 3577 i.
368 3524 474 3579 osterr.
498 3517 601 3596 Gymn.
628 3513 711 3579 1879
735 3536 763 3595 p.
789 3511 862 3576 753.

246 3610 410 3696 ἕέλιιομαι
437 3624 467 3675 et
492 3613 607 3687 felnis
634 3621 693 3675 tam
721 3614 812 3675 multa
841 3619 872 3674 et
899 3613 1025 3688 insignia
1055 3609 1166 3670 babent
1192 3610 1332 3688 digammi

157 3714 281 3794 indicia,
315 3721 347 3774 ut
369 3713 451 3774 loeus
474 3711 639 3792 obstantes,
663 3713 715 3791 qui
738 3717 904 3792 promptam
928 3708 1072 3770 baberent
1095 3707 1330 3768 emendationem

157 3815 186 3874 Θ
204 3809 279 3874 526.
300 3812 335 3871 Σ
354 3808 424 3872 194.
445 3812 476 3872 Χ
495 3809 569 3873 216.
593 3809 614 3890 β
638 3807 689 3870 91.
713 3832 733 3872 ν
753 3807 818 3871 380
837 3807 915 3868 band
938 3814 1116 3868 cunctanter
1135 3805 1332 3884 correxerim,

158 3911 209 3970 sed
235 3910 288 3988 qui
316 3911 458 3970 maiorem
485 3906 667 3989 praebebant
700 3907 902 3969 difficultatem
937 3905 1017 3966 15555
1051 3905 1080 3965 0
1102 3901 1175 3966 539.
1201 3904 1233 3964 si
1256 3899 1330 3964 491.

158 4003 259 4069 ι419
292 4008 419 4067 intactos
453 4005 560 4085 reliqui
593 4025 689 4086 neque
722 4013 853 4067 moratus
890 4021 956 4064 sum
987 4001 1187 4081 reduplicatae
1220 4000 1331 4061 formae

158 4102 262 4166 ἔολιια
285 4103 453 4183 neglectum
477 4103 622 4182 digamma
648 4101 771 4166 Y186.
798 4103 829 4163 Φ
851 4098 925 4164 583.
948 4103 975 4162 θ
998 4096 1071 4161 315.
1096 4119 1122 4160 5
1146 4095 1221 4160 313.

246 4196 349 4276 Ξένιος
376 4221 443 4264 cum
474 4203 657 4280 sexagesimo
686 4217 804 4281 qnoque
828 4217 916 4260 versu
945 4204 1093 4275 recurrat,
1121 4203 1188 4255 octo
1217 4201 1331 4258 tantuma
1454 4255 1456 4260 .

158 4299 231 4362 locis
255 4299 354 4362 iliadis
378 4299 523 4380 digamma
548 4301 671 4379 respuit,
695 4317 821 4378 quornm
846 4304 908 4357 tres
935 4295 960 4355 B
979 4291 1052 4354 213.
1072 4293 1109 4352 H
1127 4290 1198 4354 108.
1219 4291 1330 4355 0398

159 4398 327 4479 emendari,
360 4406 498 4478 quartum
530 4397 561 4456 E
586 4393 666 4476 083,
697 4414 765 4456 cnm
796 4392 909 4455 medela
938 4411 953 4451 a
982 4389 1115 4451 bentleio
1143 4391 1330 4471 suppeditata

159 4495 247 4574 paulo
266 4497 407 4557 audacior
426 4503 514 4576 esset,
533 4496 676 4555 intactum
696 4492 817 4572 reliqui,
836 4490 960 4569 reliquis
979 4497 1120 4568 quattuor
1139 4489 1212 4550 locis
1232 4487 1329 4550 035.
