3192 5096
576 1231 869 1320 llpilegonena.

669 1397 775 1405 --—

225 1513 449 1592 Prolegomenis
469 1521 501 1574 ut
521 1513 722 1592 epilegomena
742 1514 922 1597 subicerem,
941 1517 1011 1577 inde
1029 1518 1138 1578 lactum
1157 1526 1211 1598 est,
1231 1517 1309 1597 qnod

130 1611 294 1674 consilium
318 1619 440 1672 secutus
464 1611 591 1673 Conradi
610 1611 748 1674 Bursiani
772 1616 876 1692 optimi
895 1617 995 1696 amici,
1015 1635 1103 1694 quem
1121 1625 1308 1694 praematura

129 1718 230 1772 morte
256 1710 364 1771 litteris
387 1717 417 1770 et
440 1711 543 1771 amicis
566 1719 703 1790 ereptum
726 1730 905 1790 magnopere
929 1712 1029 1792 lugeo,
1052 1712 1260 1791 prolegomena
1279 1723 1310 1775 et

129 1811 301 1888 conscripsi
324 1816 354 1869 et
377 1807 460 1886 prelo
484 1808 611 1889 subieci,
639 1811 813 1889 priusquam
838 1809 959 1870 Homeri
982 1813 1113 1870 carmina
1137 1813 1201 1889 ipsa
1231 1813 1308 1889 typis

129 1906 306 1969 excudenda
330 1906 526 1966 tradidissem.
573 1908 669 1986 Atque
693 1907 765 1967 baec
789 1910 864 1967 ratio
881 1906 917 1966 id
942 1907 1089 1967 commodi
1112 1907 1252 1988 babebat,
1276 1918 1310 1970 ut

129 2009 161 2067 in
196 2007 303 2089 critico
336 2012 478 2084 apparatu
516 2006 551 2066 ad
584 2005 861 2084 prolegomenorum
895 1999 1094 2084 paragrapbos
1126 2013 1156 2065 et
1188 2008 1309 2084 paginas

129 2106 262 2166 lectores
286 2104 417 2182 relegare
441 2103 514 2164 mibi
537 2103 649 2165 liceret.
683 2105 719 2165 tt
742 2103 832 2164 altera
857 2122 891 2162 cx
916 2112 1000 2182 parte
1024 2121 1082 2163 non
1106 2105 1164 2163 iam
1188 2105 1218 2163 in
1243 2122 1308 2182 pro-

129 2203 286 2282 legomena
311 2204 405 2281 recipi
428 2210 577 2282 poterant,
606 2222 681 2282 quae
709 2221 764 2280 per
786 2201 841 2261 bos
864 2200 1021 2260 duodecim
1045 2219 1176 2281 menses,
1200 2202 1309 2280 quibus

131 2309 236 2362 textus
260 2302 404 2377 poematis
429 2301 506 2378 typis
530 2300 768 2380 describebatur,
797 2319 813 2359 a
838 2300 909 2359 viris
939 2299 1034 2360 doctis
1063 2299 1098 2359 ad
1123 2299 1222 2359 iliadis
1244 2319 1308 2360 car·

132 2401 213 2459 mina
240 2396 412 2458 illustranda
437 2396 521 2458 allata
542 2407 612 2458 sunt
631 2408 661 2459 et
680 2402 743 2478 ipse
763 2397 835 2457 mihi
854 2399 968 2458 rectius
987 2399 1106 2458 interim
1125 2399 1308 2476 excogitasse

132 2500 215 2559 visus
240 2514 315 2556 snm.
363 2494 480 2554 Solonis
504 2498 582 2555 enim
606 2496 678 2558 illud
702 2487 858 2576 γηράσκω
890 2485 922 2555 d'
948 2485 1002 2556 ἀεὶ
1025 2487 1130 2557 πολλὰ
1154 2489 1308 2557 διδασκό-

129 2615 233 2674 μενος
262 2611 380 2671 semper
408 2592 480 2652 mihi
509 2593 664 2655 colendum
693 2597 835 2675 proposui
868 2611 965 2672 neque
994 2611 1041 2652 me
1071 2611 1187 2654 errasse
1215 2593 1309 2655 libere

128 2695 222 2754 lateri
245 2691 344 2771 pudet
390 2690 561 2752 ln'lubrica
589 2693 709 2772 quidem
733 2711 821 2754 causa
846 2709 1007 2770 numquam
1030 2689 1181 2752 vacillasse
1205 2693 1309 2773 videri,

126 2791 185 2852 boc
215 2791 347 2850 veritatis
370 2790 500 2868 speciem
524 2797 612 2868 auget
636 2800 666 2852 et
690 2791 869 2852 asseclarum
893 2792 1007 2850 animos
1031 2789 1190 2850 obstrictos
1215 2798 1309 2871 tenet3

128 2891 196 2968 ipsc
227 2887 340 2948 iudices
368 2905 493 2966 aequoS,
522 2890 572 2966 qui
601 2907 720 2950 errores
749 2892 778 2949 in
807 2907 840 2948 re
869 2887 983 2948 diliicili
1007 2887 1100 2948 iactos
1128 2887 1309 2969 eosdemque

129 2989 262 3066 ingenue
295 2987 423 3044 reiectos
455 2983 527 3044 mibi
560 2986 742 3068 condonent,
777 2994 897 3065 expeto,
934 2993 1153 3047 assentatorum
1191 2987 1308 3050 turbam

132 3103 244 3164 sperno
273 3099 372 3160 neque
401 3099 541 3159 umquam
569 3101 629 3142 non
657 3087 765 3164 sprevi.
812 3084 927 3144 ldcirco
957 3083 1039 3144 brevi
1067 3086 1124 3144 iam
1154 3103 1307 3166 exponam,

133 3201 211 3262 quac
235 3189 265 3241 et
289 3183 319 3240 in
343 3176 561 3257 prolegomenis
590 3188 620 3239 et
643 3184 673 3241 in
697 3184 918 3242 commentariis
943 3184 1055 3242 criticis
1078 3189 1189 3242 mutata
1214 3183 1308 3244 velim.

223 3279 257 3338 ad
282 3298 310 3357 p.
330 3273 475 3337 55-78:
500 3295 575 3355 qnae
599 3280 629 3338 in
653 3279 710 3340 boc
734 3283 830 3358 capite
851 3279 1127 3358 prolegomenorum
1148 3280 1184 3340 de
1204 3280 1308 3341 ordine

133 3379 345 3456 chronologico
364 3376 528 3436 carminum
549 3375 648 3438 iliadis
666 3377 808 3457 disserui,
823 3379 860 3438 iis
877 3378 961 3456 quasi
976 3376 1200 3438 fundamentum
1217 3381 1308 3439 totius

133 3478 317 3558 quaestionis
341 3473 514 3534 Homericae
539 3477 686 3535 contineri
714 3477 884 3536 etiamnunc
909 3483 1009 3553 teneo;
1038 3493 1135 3552 neque
1160 3494 1235 3553 qnos
1259 3477 1307 3536 illo

135 3576 201 3638 loco
224 3574 361 3636 cardines
380 3590 461 3632 meae
486 3573 649 3632 sententiae
669 3592 734 3633 esse
754 3574 917 3650 significavi
936 3570 1101 3632 convellere
1121 3581 1171 3632 ant
1190 3591 1308 3634 movere

136 3677 166 3735 in
190 3675 287 3734 animo
311 3679 368 3750 est,
397 3670 448 3730 sed
477 3678 507 3729 et
534 3673 702 3732 accuratius
730 3673 861 3731 carmina
889 3669 1033 3750 perlecta,
1062 3688 1228 3749 quaecum
1253 3691 1308 3732 suo

137 3771 195 3832 talo
220 3778 297 3830 stare
320 3775 443 3847 possent
465 3767 500 3827 ad
525 3768 668 3829 medullas
692 3768 807 3830 fabulae
826 3770 1022 3848 pertinerent,
1047 3777 1076 3828 et
1095 3769 1226 3846 episodia
1246 3789 1308 3829 car·

138 3871 309 3947 minumqne
338 3884 508 3944 compages,
542 3885 617 3944 quae
645 3866 827 3927 carminibus
855 3865 1009 3927 nectendis
1037 3874 1067 3925 et
1095 3866 1308 3944 amplificandis

138 3968 328 4044 inservirent,
352 3964 536 4041 distinguere
560 3964 703 4025 debebam
728 3973 757 4025 et
781 3964 894 4043 aliquot
917 3964 1046 4053 carmina
1071 3962 1127 4023 alio
1152 3963 1217 4024 loco
1240 3983 1306 4024 esso

138 4062 273 4142 ponenda
296 4081 329 4122 rc
353 4065 462 4122 iterum
485 4063 654 4141 iterumque
678 4064 843 4123 examinata
871 4061 1010 4122 intellexi.
1057 4062 1153 4140 Atque
1178 4065 1307 4141 primum

139 4161 257 4239 quidem
286 4179 339 4221 cur
367 4159 488 4219 alteram
515 4168 629 4237 partem
658 4160 768 4240 iliadis,
802 4180 860 4239 qna
887 4158 1015 4220 Achilles
1044 4158 1157 4220 cladem
1185 4161 1308 4221 Achivo-

138 4277 203 4319 rum
227 4257 332 4319 ulcisci
356 4264 506 4336 narratur,
535 4274 593 4316 non
621 4260 678 4317 iam
707 4267 774 4319 ante
803 4259 933 4318 carmina
960 4256 1089 4319 11-13
1118 4268 1148 4318 et
1175 4256 1308 4321 20-23

139 4360 331 4435 compositam
359 4373 425 4414 esse
453 4363 602 4436 putarem,
630 4359 660 4416 in
689 4357 909 4417 commentariis
937 4358 1051 4416 criticis
1078 4375 1106 4435 p.
1126 4353 1190 4418 588
1220 4360 1307 4436 signi·

139 4453 222 4514 ficavi
250 4461 280 4513 et
311 4452 387 4511 inira
411 4452 561 4530 copiosius
589 4473 745 4536 exponam,
778 4454 884 4515 deinde
913 4473 1006 4534 paene
1034 4456 1144 4515 invitus
1172 4455 1308 4516 versibus
