3268 5076
305 371 371 437 434
795 373 946 423 ιλιιοοε
965 373 992 422 ιι

303 538 363 599 καί
383 552 465 616 σφιν
491 529 677 615 Κεβριόνης
699 535 809 616 τρίτος
832 532 956 597 εἵπετο·
987 529 1054 614 πάρ
1078 525 1110 594 δ’
1136 526 1189 616 ἀρ’
1216 527 1356 616 ὄχεσφιν
1428 529 1481 594 20

305 637 409 705 ἀλλον
434 635 623 723 Κεβριόναο
647 643 798 722 χερείονα
821 635 980 704 κάλλιπεν
994 633 1131 722 Ἕκτωρ.

304 749 371 812 τῶν
396 741 427 810 δ’
455 744 575 829 ἑτέρων
599 742 708 830 Πάρις
730 733 811 830 ήρχε
833 743 888 810 καὶ
909 739 1091 820 Ἀλκάθοος
1112 742 1168 808 καὶ
1189 740 1355 829 Ἀγήνωρ,

303 855 371 918 τῶν
395 849 432 917 δὲ
455 855 576 935 τρίτων
592 847 728 929 Ἕλενος
751 849 806 916 καὶ
832 855 1006 936 Δηίφοβος
1028 848 1220 944 θεοίειδής,

303 951 355 1024 υἷε
380 956 451 1025 δύω
475 957 659 1045 Πριάμοιο·
691 961 800 1042 τρίτος
823 953 855 1023 δ’
880 947 924 1041 ήν
939 953 1053 1034 ’Ἀσιος
1075 953 1180 1043 ήρως,

306 1063 419 1145 Ἀσιος
436 1061 643 1152 Ὑρτακίδης,
667 1059 709 1130 ὄν
728 1061 929 1148 Ἀρίσβηθεν
952 1065 1059 1149 φέρον
1082 1065 1176 1137 ἵπποι

305 1180 450 1250 αἴθωνες
473 1168 628 1256 μεγάλοι,
652 1173 803 1255 ποταμοῦ
826 1165 892 1236 ἀπο
916 1167 1131 1256 Σελλήεντος.

305 1283 373 1346 τῶν
398 1277 435 1344 δὲ
459 1276 624 1362 τετάρτων
647 1267 749 1362 ήρχεν
772 1273 828 1354 ἐὺς
850 1274 927 1354 πάις
947 1271 1100 1361 Ἀγχίσαο

306 1389 459 1467 Αἰνείας,
481 1380 549 1469 ἀμα
571 1385 617 1474 τῶ
641 1408 678 1468 γε
702 1379 773 1450 δύω
794 1378 994 1468 Ἀντήνορος
1016 1376 1083 1466 υἷε,

302 1487 493 1578 Ἀρχέλοχός
515 1486 544 1556 τ’
568 1485 709 1574 Ἀκάμας
731 1514 781 1573 τε,
805 1485 910 1574 μάχης
934 1487 971 1556 έό
994 1487 1124 1555 ιίειδότε
1147 1485 1261 1572 πόσης.
1426 1505 1476 1553 100

306 1593 499 1684 Σαρπηδῶν
523 1593 554 1662 δ’
580 1591 717 1680 ἡγήσατ’
745 1591 950 1680 ἀγακλειτῶν
974 1594 1175 1680 ἐπικούρων,

304 1701 386 1791 πρὸς
410 1699 441 1769 δ’
468 1703 557 1770 ἕλετο
581 1705 735 1769 Γλαῦκον
759 1701 814 1768 καὶ
838 1698 958 1788 ἀρήιον
979 1698 1226 1787 Ἀστεροπαῖον·

307 1814 342 1876 οἳ
363 1808 427 1894 γάρ
450 1817 506 1877 fot
528 1814 684 1876 έείσαντο
709 1804 884 1892 διακριδὸν
907 1804 994 1874 εἶναι
1018 1805 1149 1893 ἀριστοι

305 1920 372 1984 τῶν
397 1913 508 1982 ἀλλων
532 1915 612 2001 μετά
637 1912 669 2000 γ’
696 1911 814 1981 αὐτόν·
847 1909 865 1980 ὄ
891 1910 922 1980 δ’
949 1917 1067 2001 ἔπρεπε
1090 1914 1146 1995 καὶ
1170 1911 1226 1980 διὰ
1250 1913 1395 1982 πάντων.

307 2027 341 2088 οἳ
364 2020 396 2090 δ’
423 2023 491 2090 ἐπεὶ
515 2020 681 2107 ἀλλήλους
704 2018 832 2108 ἄραρον
855 2023 991 2108 τυκτῇσι
1014 2019 1166 2106 βόεσσιν,
1427 2041 1474 2089 ιοο

304 2128 370 2214 βάν
394 2126 426 2214 ῥ’
453 2126 532 2208 ίθός
556 2131 705 2196 Δαναῶν
729 2127 932 2212 λελιημένοι,
956 2124 1031 2194 οὐδ’
1057 2125 1102 2194 ἔτ’
1129 2132 1253 2214 ἔφαντο

306 2233 465 2323 σχήσεσθ’
492 2231 565 2302 ἀλλ’
592 2237 629 2302 ἐν
652 2233 752 2319 νηυσὶ
776 2238 973 2322 μελαίνησιν
996 2235 1183 2302 πεσέεσθαι.

396 2339 471 2408 ἔνθ’
497 2341 593 2409 ἀλλοι
621 2344 730 2427 Τρῶες
753 2345 957 2425 τηλεκλειτοί
976 2337 1006 2405 τ’
1033 2342 1203 2426 ἐπίκουροι

306 2453 411 2537 βουλή
436 2448 726 2533 Πουλυδάμαντος
749 2444 942 2532 ἀμωμήτοιο
966 2452 1124 2514 πίθοντο·

305 2552 380 2622 ἀλλ’
407 2552 468 2640 οὐχ
485 2551 680 2642 Ὑρτακίδης
703 2549 793 2620 ἔθελ’
820 2549 948 2635 Ἀσιος,
973 2550 1117 2639 ὄρχαμος
1140 2554 1293 2638 ἀνδρῶν,
1427 2571 1476 2618 11⁰

306 2652 390 2729 αὖθι
414 2669 529 2728 λιπεῖν·
545 2664 668 2740 ἵππους
689 2685 724 2727 τε
746 2659 802 2726 καί
826 2655 964 2745 ήνίοχον
987 2659 1196 2746 θεράποντα,

305 2764 390 2834 ἀλλὰ
415 2766 480 2835 σὺν
504 2766 658 2836 αὐτοῖσιν
681 2767 824 2834 πέλασεν
847 2765 963 2851 νήεσσι
987 2769 1129 2854 θοήσιν,

219 2894 221 2900 ’
306 2874 440 2960 νήπιος,
465 2872 540 2943 οὐδ’
566 2873 622 2961 ἀρ’
648 2879 762 2960 ἔμελλε
785 2869 887 2952 κακάς
910 2869 975 2939 ὑπὸ
999 2876 1103 2960 κήρας
1125 2869 1262 2957 ἀλύξας,

306 2985 459 3049 ἵπποισιν
481 2981 536 3047 καὶ
561 2979 701 3068 ὄχεσφιν
725 2977 953 3066 ἀγαλλόμενος
975 2977 1064 3064 παρὰ
1089 2983 1183 3066 νηῶν

306 3083 355 3167 ἀν
378 3085 621 3172 ἀπονοστήσειν
645 3086 742 3173 προτί
757 3083 863 3153 ’Ίλιον
887 3083 1110 3171 ήνεμόεσσαν·

307 3195 459 3281 πρόσθεν
483 3192 548 3281 γάρ
572 3221 630 3280 μιν
653 3207 754 3279 μοῖρα
779 3193 977 3278 δυσώνυμος
1001 3189 1242 3278 ἀμφεκάλυψεν

307 3306 396 3388 ἔγχεϊ
415 3297 607 3386 Ἰδομενήος
630 3297 761 3385 ἀγαυοῦ
787 3303 1005 3366 Δευκαλίδαο.

311 3417 421 3476 εἴσατο
446 3405 509 3494 γάρ
534 3412 627 3494 νηῶν
652 3403 700 3475 ἐπ’
727 3403 901 3492 ἀριστερά,
924 3409 963 3491 τῇ
988 3403 1061 3491 περ’
1087 3411 1211 3492 Αχαιοί

308 3519 343 3582 ἐκ
366 3520 486 3583 πεδίου
510 3520 666 3581 νίσσοντο
691 3513 757 3581 σὺν
781 3515 932 3579 ἵπποισιν
954 3512 1011 3579 καὶ
1035 3509 1194 3597 ὄχεσφιν.-

307 3625 346 3709 τή
371 3619 402 3706 β’
428 3623 550 3700 ἵππους
571 3646 606 3687 τε
629 3619 685 3686 καὶ
708 3617 796 3707 ἀρμα
821 3618 995 3704 διήλασεν,
1019 3615 1100 3685 οὐδὲ
1123 3617 1268 3706 πόλησιν
1426 3637 1478 3684 120

309 3719 380 3815 εὗρ’
408 3728 653 3813 ἐπικεκλιμένας
676 3730 817 3805 σανίδας
837 3725 893 3792 καὶ
917 3723 1046 3811 μακρόν
1070 3721 1170 3812 όχήα,

379 3865 465 3914 96-’λ
482 3885 516 3905 =
534 3865 552 3913 Β
568 3865 673 3914 sas-9
764 3863 1093 3912 99—100=13822-3
1186 3855 1252 3912 1081
1266 3882 1300 3903 =
1315 3859 1340 3911 Ο
1355 3861 1406 3911 108

309 3946 375 4075 ἓξὲξ
390 3966 424 4067 ἶ
439 3945 465 4074 Ξ
476 3947 531 4074 δῖἒίῖ
611 3946 662 3994 106
726 3941 755 3992 Π
768 3944 820 3992 552
911 3942 962 3990 101
978 3961 1011 3982 =
1028 3943 1044 3990 Ι
1056 3941 1107 3991 235
1201 3943 1251 3992 115
1266 3963 1300 3983 =
1315 3938 1339 3991 Θ
1354 3942 1406 3990 499

380 4144 412 4191 οο
432 4135 486 4190 δύο
505 4134 551 4190 cD
634 4141 668 4190 οε
688 4129 733 4189 διε
753 4131 841 4188 tenc
921 4138 971 4186 ιοο
990 4127 1059 4186 εδει
1079 4125 1104 4185 τ’
1126 4131 1205 4186 codd.
1285 4137 1335 4187 ιοτ
1355 4132 1389 4185 ef.
1409 4130 1477 4200 prol.

307 4233 334 4285 p.
354 4221 387 4270 8'1
462 4221 512 4269 112
532 4211 652 4269 πελάται
671 4211 765 4268 Ναοει
782 4217 889 4282 quaest.
907 4213 980 4266 hom.
997 4217 1030 4265 93
1105 4217 1208 4266 113-'1
1228 4211 1344 4266 damnat
1362 4211 1478 4280 Κῡιλιλγ,

309 4297 342 4350 ef.
363 4296 432 4364 prol.
452 4315 478 4365 p.
494 4302 579 4363 64sq.
676 4301 726 4372 111
746 4290 911 4363 δυσώνυμον
931 4297 954 4346 Α
1053 4296 1103 4345 118
1122 4293 1155 4363 τῇ
1175 4311 1228 4360 περ
1245 4309 1333 4360 usque
1354 4290 1478 4360 111ἔηε,

310 4381 463 4442 127-136,
489 4381 642 4441 141-153,
665 4379 815 4442 162-174,
839 4378 993 4440 175—181,
1022 4372 1051 4426 in
1074 4370 1260 4440 suspicionem
1285 4375 1368 4427 vocat
1390 4371 1478 4426 Lach-

309 4471 393 4522 mann
412 4453 486 4510 Betr.
506 4463 540 4510 46
615 4460 665 4509 119
684 4457 795 4509 νίσοντο
815 4455 851 4526 D,
871 4453 904 4508 cf.
924 4455 965 4507 La
982 4452 1078 4508 Boche
1097 4452 1178 4506 Hom.
1199 4453 1278 4506 Text.
1298 4457 1358 4506 316.
