<?xml version="1.0" encoding="UTF-8"?>
<!DOCTYPE html PUBLIC "-//W3C//DTD XHTML 1.0 Transitional//EN"
    "http://www.w3.org/TR/xhtml1/DTD/xhtml1-transitional.dtd">
<html xmlns="http://www.w3.org/1999/xhtml" xml:lang="en" lang="en">
 <head>
  <title>
</title>
<meta http-equiv="Content-Type" content="text/html;charset=utf-8" />
  <meta name='ocr-system' content='tesseract 3.04.00' />
  <meta name='ocr-capabilities' content='ocr_page ocr_carea ocr_par ocr_line ocrx_word'/>
</head>
<body>
  <div class='ocr_page' id='page_1' title='image "./homeriiliadisca01homegoog_0186.png"; bbox 0 0 3280 5104; ppageno 0'>
   <div class='ocr_carea' id='block_1_1' title="bbox 662 381 903 447">
    <p class='ocr_par' dir='ltr' id='par_1_1' title="bbox 662 381 903 447">
     <span class='ocr_line' id='line_1_1' title="bbox 662 381 903 447; baseline 0.008 -2"><span class='ocrx_word' id='word_1_1' title='bbox 662 381 903 447; x_wconf 78' lang='lat'>-175—</span> 
     </span>
    </p>
   </div>
   <div class='ocr_carea' id='block_1_2' title="bbox 187 542 1426 4540">
    <p class='ocr_par' dir='ltr' id='par_1_2' title="bbox 187 542 1426 4062">
     <span class='ocr_line' id='line_1_2' title="bbox 195 542 1366 626; baseline 0 -20"><span class='ocrx_word' id='word_1_2' title='bbox 195 542 383 626; x_wconf 81' lang='lat'><strong>141-213,</strong></span> <span class='ocrx_word' id='word_1_3' title='bbox 417 545 457 606; x_wconf 94' lang='lat' dir='ltr'><strong>lo.</strong></span> <span class='ocrx_word' id='word_1_4' title='bbox 487 543 713 626; x_wconf 75' lang='lat' dir='ltr'><strong>Wackernagel,</strong></span> <span class='ocrx_word' id='word_1_5' title='bbox 746 544 799 605; x_wconf 85' lang='lat' dir='ltr'><strong>bie</strong></span> <span class='ocrx_word' id='word_1_6' title='bbox 832 543 953 622; x_wconf 89' lang='lat' dir='ltr'><strong>episohe</strong></span> <span class='ocrx_word' id='word_1_7' title='bbox 987 543 1186 624; x_wconf 82' lang='lat' dir='ltr'><strong>Zerdehnueg</strong></span> <span class='ocrx_word' id='word_1_8' title='bbox 1223 546 1253 606; x_wconf 86' lang='lat' dir='ltr'><strong>in</strong></span> <span class='ocrx_word' id='word_1_9' title='bbox 1285 544 1366 607; x_wconf 85' lang='lat' dir='ltr'><strong>Bezz.</strong></span> 
     </span>
     <span class='ocr_line' id='line_1_3' title="bbox 192 639 1364 722; baseline 0.001 -20"><span class='ocrx_word' id='word_1_10' title='bbox 192 641 282 704; x_wconf 88' lang='lat' dir='ltr'><strong>Heitr.</strong></span> <span class='ocrx_word' id='word_1_11' title='bbox 306 642 344 703; x_wconf 85' lang='lat' dir='ltr'><strong>tv</strong></span> <span class='ocrx_word' id='word_1_12' title='bbox 368 639 561 722; x_wconf 75' lang='lat' dir='ltr'><strong>neo-312,</strong></span> <span class='ocrx_word' id='word_1_13' title='bbox 589 641 621 703; x_wconf 88' lang='lat' dir='ltr'><strong>G.</strong></span> <span class='ocrx_word' id='word_1_14' title='bbox 646 641 768 703; x_wconf 82' lang='lat' dir='ltr'><strong>Curtius</strong></span> <span class='ocrx_word' id='word_1_15' title='bbox 797 644 828 702; x_wconf 90' lang='lat' dir='ltr'><strong>in</strong></span> <span class='ocrx_word' id='word_1_16' title='bbox 856 641 977 721; x_wconf 82' lang='lat' dir='ltr'>Leipzig</span> <span class='ocrx_word' id='word_1_17' title='bbox 1005 641 1090 703; x_wconf 89' lang='lat' dir='ltr'><strong>Stud.</strong></span> <span class='ocrx_word' id='word_1_18' title='bbox 1114 641 1153 702; x_wconf 91' lang='lat' dir='ltr'><strong>Hl</strong></span> <span class='ocrx_word' id='word_1_19' title='bbox 1180 639 1364 706; x_wconf 79' lang='lat' dir='ltr'><strong>tet-200.</strong></span> 
     </span>
     <span class='ocr_line' id='line_1_4' title="bbox 192 731 1365 824; baseline 0.003 -24"><span class='ocrx_word' id='word_1_20' title='bbox 192 739 250 802; x_wconf 89' lang='lat' dir='ltr'><strong>Has</strong></span> <span class='ocrx_word' id='word_1_21' title='bbox 273 741 384 802; x_wconf 81' lang='lat' dir='ltr'><strong>termas</strong></span> <span class='ocrx_word' id='word_1_22' title='bbox 407 742 592 820; x_wconf 85' lang='lat' dir='ltr'><strong>grammatici</strong></span> <span class='ocrx_word' id='word_1_23' title='bbox 615 742 656 800; x_wconf 84' lang='lat' dir='ltr'><strong>ita</strong></span> <span class='ocrx_word' id='word_1_24' title='bbox 679 740 749 801; x_wconf 92' lang='lat' dir='ltr'><strong>olim</strong></span> <span class='ocrx_word' id='word_1_25' title='bbox 768 739 1050 822; x_wconf 77' lang='lat' dir='ltr'><strong>interpretabantur,</strong></span> <span class='ocrx_word' id='word_1_26' title='bbox 1073 749 1107 802; x_wconf 94' lang='lat' dir='ltr'><strong>ut</strong></span> <span class='ocrx_word' id='word_1_27' title='bbox 1125 743 1254 820; x_wconf 92' lang='lat' dir='ltr'><strong>primum</strong></span> <span class='ocrx_word' id='word_1_28' title='bbox 1274 731 1365 824; x_wconf 88' lang='grc' dir='ltr'><strong><em>ὁράω</em></strong></span> 
     </span>
     <span class='ocr_line' id='line_1_5' title="bbox 191 827 1366 921; baseline 0.001 -21"><span class='ocrx_word' id='word_1_29' title='bbox 191 830 470 921; x_wconf 59' lang='lat' dir='ltr'><strong>detractatione</strong></span> <span class='ocrx_word' id='word_1_30' title='bbox 494 841 524 900; x_wconf 93' lang='lat' dir='ltr'><strong>iu</strong></span> <span class='ocrx_word' id='word_1_31' title='bbox 549 829 618 918; x_wconf 77' lang='grc' dir='ltr'><strong>ὁρῶ</strong></span> <span class='ocrx_word' id='word_1_32' title='bbox 643 827 726 921; x_wconf 77' lang='grc' dir='ltr'><strong><em>ὁρᾷς</em></strong></span> <span class='ocrx_word' id='word_1_33' title='bbox 749 829 853 919; x_wconf 79' lang='grc' dir='ltr'><strong><em>ὁρῶσι</em></strong></span> <span class='ocrx_word' id='word_1_34' title='bbox 876 847 1041 921; x_wconf 87' lang='lat' dir='ltr'><strong>contracta,</strong></span> <span class='ocrx_word' id='word_1_35' title='bbox 1068 840 1138 899; x_wconf 92' lang='lat' dir='ltr'><strong>dein</strong></span> <span class='ocrx_word' id='word_1_36' title='bbox 1165 842 1254 902; x_wconf 88' lang='lat' dir='ltr'><strong>metri</strong></span> <span class='ocrx_word' id='word_1_37' title='bbox 1277 859 1366 902; x_wconf 89' lang='lat' dir='ltr'><strong>eausa</strong></span> 
     </span>
     <span class='ocr_line' id='line_1_6' title="bbox 192 925 1366 1020; baseline 0 -22"><span class='ocrx_word' id='word_1_38' title='bbox 192 938 286 1000; x_wconf 84' lang='lat' dir='ltr'><strong>vocali</strong></span> <span class='ocrx_word' id='word_1_39' title='bbox 305 938 423 1018; x_wconf 83' lang='lat' dir='ltr'><strong>longius</strong></span> <span class='ocrx_word' id='word_1_40' title='bbox 446 943 597 1016; x_wconf 86' lang='lat' dir='ltr'><strong>protracta</strong></span> <span class='ocrx_word' id='word_1_41' title='bbox 620 937 651 995; x_wconf 93' lang='lat' dir='ltr'><strong>iu</strong></span> <span class='ocrx_word' id='word_1_42' title='bbox 671 926 760 1017; x_wconf 83' lang='grc' dir='ltr'><strong><em>ὁρόω</em></strong></span> <span class='ocrx_word' id='word_1_43' title='bbox 779 925 884 1020; x_wconf 81' lang='grc' dir='ltr'><strong><em>ὁράᾳς</em></strong></span> <span class='ocrx_word' id='word_1_44' title='bbox 903 927 1028 1018; x_wconf 89' lang='grc' dir='ltr'><strong><em>ὁρόωσι</em></strong></span> <span class='ocrx_word' id='word_1_45' title='bbox 1042 939 1151 998; x_wconf 89' lang='lat' dir='ltr'><strong>iterum</strong></span> <span class='ocrx_word' id='word_1_46' title='bbox 1166 938 1285 1000; x_wconf 85' lang='lat' dir='ltr'><strong>diducta</strong></span> <span class='ocrx_word' id='word_1_47' title='bbox 1300 957 1366 1000; x_wconf 90' lang='lat' dir='ltr'><strong>esse</strong></span> 
     </span>
     <span class='ocr_line' id='line_1_7' title="bbox 194 1033 1365 1115; baseline -0.001 -18"><span class='ocrx_word' id='word_1_48' title='bbox 194 1037 339 1098; x_wconf 78' lang='lat' dir='ltr'><strong>dicerent.</strong></span> <span class='ocrx_word' id='word_1_49' title='bbox 386 1035 523 1097; x_wconf 84' lang='lat' dir='ltr'><strong>Veterem</strong></span> <span class='ocrx_word' id='word_1_50' title='bbox 551 1042 650 1095; x_wconf 91' lang='lat' dir='ltr'><strong>autem</strong></span> <span class='ocrx_word' id='word_1_51' title='bbox 678 1041 708 1095; x_wconf 90' lang='lat' dir='ltr'><strong>et</strong></span> <span class='ocrx_word' id='word_1_52' title='bbox 740 1034 797 1095; x_wconf 86' lang='lat' dir='ltr'><strong>late</strong></span> <span class='ocrx_word' id='word_1_53' title='bbox 821 1033 957 1094; x_wconf 86' lang='lat' dir='ltr'><strong>diiiusam</strong></span> <span class='ocrx_word' id='word_1_54' title='bbox 980 1034 1056 1096; x_wconf 87' lang='lat' dir='ltr'><strong>banc</strong></span> <span class='ocrx_word' id='word_1_55' title='bbox 1080 1036 1172 1097; x_wconf 88' lang='lat' dir='ltr'><strong>luisse</strong></span> <span class='ocrx_word' id='word_1_56' title='bbox 1196 1038 1365 1115; x_wconf 84' lang='lat' dir='ltr'><strong>opinionem</strong></span> 
     </span>
     <span class='ocr_line' id='line_1_8' title="bbox 192 1117 1367 1217; baseline -0.001 -22"><span class='ocrx_word' id='word_1_57' title='bbox 192 1135 262 1196; x_wconf 90' lang='lat' dir='ltr'><strong>inde</strong></span> <span class='ocrx_word' id='word_1_58' title='bbox 286 1135 486 1214; x_wconf 87' lang='lat' dir='ltr'><strong>cognoscitur,</strong></span> <span class='ocrx_word' id='word_1_59' title='bbox 510 1133 589 1213; x_wconf 90' lang='lat' dir='ltr'><strong>quod</strong></span> <span class='ocrx_word' id='word_1_60' title='bbox 618 1133 708 1194; x_wconf 88' lang='lat' dir='ltr'><strong>simili</strong></span> <span class='ocrx_word' id='word_1_61' title='bbox 734 1133 822 1195; x_wconf 89' lang='lat' dir='ltr'><strong>modo</strong></span> <span class='ocrx_word' id='word_1_62' title='bbox 846 1125 909 1195; x_wconf 87' lang='grc' dir='ltr'><strong>ὁου</strong></span> <span class='ocrx_word' id='word_1_63' title='bbox 930 1151 985 1211; x_wconf 92' lang='lat' dir='ltr'><strong>pro</strong></span> <span class='ocrx_word' id='word_1_64' title='bbox 1009 1117 1099 1196; x_wconf 82' lang='grc' dir='ltr'><strong>οὗΒ</strong></span> <span class='ocrx_word' id='word_1_65' title='bbox 1123 1130 1188 1196; x_wconf 80' lang='lat'><strong>345</strong></span> <span class='ocrx_word' id='word_1_66' title='bbox 1212 1143 1242 1194; x_wconf 94' lang='lat' dir='ltr'><strong>et</strong></span> <span class='ocrx_word' id='word_1_67' title='bbox 1264 1154 1286 1194; x_wconf 87' lang='grc' dir='ltr'><strong><em>α</em></strong></span> <span class='ocrx_word' id='word_1_68' title='bbox 1311 1132 1367 1217; x_wconf 82' lang='lat' dir='ltr'><strong>te,</strong></span> 
     </span>
     <span class='ocr_line' id='line_1_9' title="bbox 192 1217 1366 1312; baseline 0.001 -19"><span class='ocrx_word' id='word_1_69' title='bbox 192 1227 247 1312; x_wconf 80' lang='grc' dir='ltr'><strong>ἕης</strong></span> <span class='ocrx_word' id='word_1_70' title='bbox 270 1251 325 1312; x_wconf 91' lang='lat' dir='ltr'><strong>pro</strong></span> <span class='ocrx_word' id='word_1_71' title='bbox 348 1217 388 1312; x_wconf 77' lang='grc' dir='ltr'><strong>ἦς</strong></span> <span class='ocrx_word' id='word_1_72' title='bbox 415 1234 452 1294; x_wconf 92' lang='lat' dir='ltr'><strong>Il</strong></span> <span class='ocrx_word' id='word_1_73' title='bbox 474 1229 555 1311; x_wconf 79' lang='lat'><strong>208,</strong></span> <span class='ocrx_word' id='word_1_74' title='bbox 586 1221 714 1292; x_wconf 87' lang='grc' dir='ltr'><strong><em>άάατον</em></strong></span> <span class='ocrx_word' id='word_1_75' title='bbox 742 1237 797 1311; x_wconf 86' lang='lat' dir='ltr'><strong>pro</strong></span> <span class='ocrx_word' id='word_1_76' title='bbox 824 1222 929 1293; x_wconf 75' lang='grc' dir='ltr'><strong><em>ἄατον</em></strong></span> <span class='ocrx_word' id='word_1_77' title='bbox 956 1227 987 1301; x_wconf 70' lang='grc' dir='ltr'><strong>Ξ</strong></span> <span class='ocrx_word' id='word_1_78' title='bbox 1011 1229 1085 1294; x_wconf 79' lang='lat'>271.</span> <span class='ocrx_word' id='word_1_79' title='bbox 1119 1252 1145 1312; x_wconf 89' lang='grc' dir='ltr'><strong><em>φ</em></strong></span> <span class='ocrx_word' id='word_1_80' title='bbox 1173 1229 1227 1310; x_wconf 95' lang='grc'><strong>91,</strong></span> <span class='ocrx_word' id='word_1_81' title='bbox 1253 1223 1366 1294; x_wconf 69' lang='lat' dir='ltr'><strong>band</strong></span> 
     </span>
     <span class='ocr_line' id='line_1_10' title="bbox 191 1319 1365 1410; baseline -0.001 -18"><span class='ocrx_word' id='word_1_82' title='bbox 191 1349 291 1404; x_wconf 86' lang='grc' dir='ltr'><strong><em>οντας</em></strong></span> <span class='ocrx_word' id='word_1_83' title='bbox 314 1349 369 1410; x_wconf 92' lang='lat' dir='ltr'><strong>pro</strong></span> <span class='ocrx_word' id='word_1_84' title='bbox 392 1321 581 1403; x_wconf 80' lang='grc' dir='ltr'><strong><em>ὑπνόοντας</em></strong></span> <span class='ocrx_word' id='word_1_85' title='bbox 604 1327 638 1389; x_wconf 73' lang='grc' dir='ltr'><em>Ω</em></span> <span class='ocrx_word' id='word_1_86' title='bbox 656 1326 730 1390; x_wconf 86' lang='grc'><strong>344.</strong></span> <span class='ocrx_word' id='word_1_87' title='bbox 754 1349 771 1390; x_wconf 91' lang='grc' dir='ltr'><strong>ε</strong></span> <span class='ocrx_word' id='word_1_88' title='bbox 791 1326 844 1389; x_wconf 89' lang='grc'><strong>48.</strong></span> <span class='ocrx_word' id='word_1_89' title='bbox 870 1349 896 1390; x_wconf 92' lang='grc' dir='ltr'><strong><em>ω</em></strong></span> <span class='ocrx_word' id='word_1_90' title='bbox 918 1327 952 1408; x_wconf 89' lang='grc'><strong>4,</strong></span> <span class='ocrx_word' id='word_1_91' title='bbox 975 1319 1080 1391; x_wconf 73' lang='grc' dir='ltr'><strong><em>ἰδέειν</em></strong></span> <span class='ocrx_word' id='word_1_92' title='bbox 1102 1322 1235 1410; x_wconf 80' lang='grc' dir='ltr'><strong><em>βαλέειν</em></strong></span> <span class='ocrx_word' id='word_1_93' title='bbox 1258 1322 1365 1391; x_wconf 88' lang='grc' dir='ltr'><strong><em>πιέειν</em></strong></span> 
     </span>
     <span class='ocr_line' id='line_1_11' title="bbox 191 1420 1366 1511; baseline -0.001 -23"><span class='ocrx_word' id='word_1_94' title='bbox 191 1447 246 1508; x_wconf 91' lang='lat' dir='ltr'><strong>pro</strong></span> <span class='ocrx_word' id='word_1_95' title='bbox 270 1426 358 1489; x_wconf 82' lang='lat' dir='ltr'><strong>ldetn</strong></span> <span class='ocrx_word' id='word_1_96' title='bbox 381 1426 498 1507; x_wconf 75' lang='grc' dir='ltr'><strong><em>βαλεῖν</em></strong></span> <span class='ocrx_word' id='word_1_97' title='bbox 519 1434 609 1490; x_wconf 70' lang='grc' dir='ltr'><strong><em>πιεῖν</em></strong></span> <span class='ocrx_word' id='word_1_98' title='bbox 638 1421 718 1508; x_wconf 85' lang='lat' dir='ltr'><strong>(vide</strong></span> <span class='ocrx_word' id='word_1_99' title='bbox 747 1446 837 1508; x_wconf 88' lang='lat' dir='ltr'><strong>supra</strong></span> <span class='ocrx_word' id='word_1_100' title='bbox 860 1427 881 1504; x_wconf 64' lang='grc' dir='ltr'><strong>ξ</strong></span> <span class='ocrx_word' id='word_1_101' title='bbox 905 1421 978 1511; x_wconf 86' lang='grc'>88),</span> <span class='ocrx_word' id='word_1_102' title='bbox 1006 1420 1150 1508; x_wconf 81' lang='grc' dir='ltr'><strong><em>νηπιάας</em></strong></span> <span class='ocrx_word' id='word_1_103' title='bbox 1177 1449 1199 1490; x_wconf 93' lang='grc' dir='ltr'><strong><em>α</em></strong></span> <span class='ocrx_word' id='word_1_104' title='bbox 1222 1426 1286 1490; x_wconf 85' lang='grc'><strong>297</strong></span> <span class='ocrx_word' id='word_1_105' title='bbox 1312 1447 1366 1508; x_wconf 89' lang='lat' dir='ltr'><strong>pre</strong></span> 
     </span>
     <span class='ocr_line' id='line_1_12' title="bbox 191 1517 1366 1610; baseline 0.003 -24"><span class='ocrx_word' id='word_1_106' title='bbox 191 1524 324 1606; x_wconf 79' lang='grc' dir='ltr'><strong><em>νηπιᾶς,</em></strong></span> <span class='ocrx_word' id='word_1_107' title='bbox 347 1521 536 1608; x_wconf 81' lang='grc' dir='ltr'><strong><em>ἐκραίαινεν</em></strong></span> <span class='ocrx_word' id='word_1_108' title='bbox 559 1527 591 1587; x_wconf 84' lang='grc' dir='ltr'><em>Ε</em></span> <span class='ocrx_word' id='word_1_109' title='bbox 612 1522 688 1605; x_wconf 85' lang='lat'><strong>508,</strong></span> <span class='ocrx_word' id='word_1_110' title='bbox 712 1517 884 1606; x_wconf 69' lang='lat' dir='ltr'><strong>penetrarier</strong></span> <span class='ocrx_word' id='word_1_111' title='bbox 908 1525 947 1585; x_wconf 94' lang='lat' dir='ltr'><em>N</em></span> <span class='ocrx_word' id='word_1_112' title='bbox 968 1523 1020 1606; x_wconf 79' lang='grc'><strong>79,</strong></span> <span class='ocrx_word' id='word_1_113' title='bbox 1042 1519 1241 1610; x_wconf 80' lang='grc' dir='ltr'><strong><em>μενοινήῃσι</em></strong></span> <span class='ocrx_word' id='word_1_114' title='bbox 1265 1525 1366 1606; x_wconf 83' lang='grc'>082,</span> 
     </span>
     <span class='ocr_line' id='line_1_13' title="bbox 190 1611 1400 1706; baseline 0.002 -22"><span class='ocrx_word' id='word_1_115' title='bbox 190 1611 344 1703; x_wconf 74' lang='grc' dir='ltr'><strong><em>ἠγάασθε</em></strong></span> <span class='ocrx_word' id='word_1_116' title='bbox 368 1644 384 1686; x_wconf 89' lang='grc' dir='ltr'><strong>ε</strong></span> <span class='ocrx_word' id='word_1_117' title='bbox 409 1623 491 1704; x_wconf 78' lang='grc'><strong>199,</strong></span> <span class='ocrx_word' id='word_1_118' title='bbox 515 1625 643 1703; x_wconf 87' lang='lat' dir='ltr'><strong>denique</strong></span> <span class='ocrx_word' id='word_1_119' title='bbox 667 1619 797 1685; x_wconf 77' lang='grc' dir='ltr'><strong><em>ἵπποιιν</em></strong></span> <span class='ocrx_word' id='word_1_120' title='bbox 824 1615 917 1704; x_wconf 85' lang='grc' dir='ltr'><strong><em>φόως</em></strong></span> <span class='ocrx_word' id='word_1_121' title='bbox 940 1614 1074 1696; x_wconf 81' lang='grc' dir='ltr'><strong><em>θόωκος</em></strong></span> <span class='ocrx_word' id='word_1_122' title='bbox 1096 1615 1308 1706; x_wconf 81' lang='grc' dir='ltr'><strong><em>οιότοχόωνος</em></strong></span> <span class='ocrx_word' id='word_1_123' title='bbox 1336 1628 1365 1686; x_wconf 90' lang='lat' dir='ltr'><strong>in</strong></span> <span class='ocrx_word' id='word_1_124' title='bbox 1396 1697 1400 1704; x_wconf 47' lang='grc'>,</span> 
     </span>
     <span class='ocr_line' id='line_1_14' title="bbox 192 1720 1367 1804; baseline 0.002 -23"><span class='ocrx_word' id='word_1_125' title='bbox 192 1721 348 1783; x_wconf 86' lang='lat' dir='ltr'><strong>codicibus</strong></span> <span class='ocrx_word' id='word_1_126' title='bbox 371 1722 510 1784; x_wconf 89' lang='lat' dir='ltr'><strong>omuibus</strong></span> <span class='ocrx_word' id='word_1_127' title='bbox 533 1722 681 1804; x_wconf 80' lang='lat' dir='ltr'><strong>leguntur,</strong></span> <span class='ocrx_word' id='word_1_128' title='bbox 706 1723 766 1782; x_wconf 86' lang='lat' dir='ltr'><strong>sive</strong></span> <span class='ocrx_word' id='word_1_129' title='bbox 790 1720 949 1782; x_wconf 83' lang='lat' dir='ltr'><strong>distractae</strong></span> <span class='ocrx_word' id='word_1_130' title='bbox 973 1720 1027 1781; x_wconf 90' lang='lat' dir='ltr'><strong>bae</strong></span> <span class='ocrx_word' id='word_1_131' title='bbox 1046 1722 1158 1784; x_wconf 88' lang='lat' dir='ltr'><strong>lormae</strong></span> <span class='ocrx_word' id='word_1_132' title='bbox 1177 1731 1281 1802; x_wconf 87' lang='lat' dir='ltr'><strong>poetae</strong></span> <span class='ocrx_word' id='word_1_133' title='bbox 1301 1725 1367 1804; x_wconf 89' lang='lat' dir='ltr'><strong>ipsi,</strong></span> 
     </span>
     <span class='ocr_line' id='line_1_15' title="bbox 189 1819 1363 1902; baseline 0.002 -22"><span class='ocrx_word' id='word_1_134' title='bbox 189 1820 268 1899; x_wconf 89' lang='lat' dir='ltr'><strong>qnod</strong></span> <span class='ocrx_word' id='word_1_135' title='bbox 302 1823 401 1882; x_wconf 91' lang='lat' dir='ltr'><strong>minus</strong></span> <span class='ocrx_word' id='word_1_136' title='bbox 425 1821 498 1882; x_wconf 92' lang='lat' dir='ltr'><strong>mihi</strong></span> <span class='ocrx_word' id='word_1_137' title='bbox 521 1819 676 1902; x_wconf 89' lang='lat' dir='ltr'><strong>probatur,</strong></span> <span class='ocrx_word' id='word_1_138' title='bbox 707 1819 897 1900; x_wconf 86' lang='lat' dir='ltr'><strong>placuerunt,</strong></span> <span class='ocrx_word' id='word_1_139' title='bbox 930 1821 992 1880; x_wconf 85' lang='lat' dir='ltr'><strong>sive</strong></span> <span class='ocrx_word' id='word_1_140' title='bbox 1025 1839 1041 1880; x_wconf 88' lang='lat' dir='ltr'><strong>a</strong></span> <span class='ocrx_word' id='word_1_141' title='bbox 1075 1820 1231 1899; x_wconf 88' lang='lat' dir='ltr'><strong>rhapsodis</strong></span> <span class='ocrx_word' id='word_1_142' title='bbox 1259 1829 1289 1880; x_wconf 93' lang='lat' dir='ltr'><strong>et</strong></span> <span class='ocrx_word' id='word_1_143' title='bbox 1318 1840 1363 1882; x_wconf 89' lang='lat' dir='ltr'><strong>re·</strong></span> 
     </span>
     <span class='ocr_line' id='line_1_16' title="bbox 190 1912 1365 2001; baseline 0.001 -22"><span class='ocrx_word' id='word_1_144' title='bbox 190 1919 362 1980; x_wconf 87' lang='lat' dir='ltr'><strong>dactoribus</strong></span> <span class='ocrx_word' id='word_1_145' title='bbox 394 1919 577 1980; x_wconf 89' lang='lat' dir='ltr'><strong>Pisistrateis</strong></span> <span class='ocrx_word' id='word_1_146' title='bbox 616 1917 687 1979; x_wconf 86' lang='lat' dir='ltr'><strong>lalso</strong></span> <span class='ocrx_word' id='word_1_147' title='bbox 724 1917 875 1978; x_wconf 85' lang='lat' dir='ltr'><strong>veteribus</strong></span> <span class='ocrx_word' id='word_1_148' title='bbox 911 1915 1095 1978; x_wconf 82' lang='lat' dir='ltr'><strong>carminibus</strong></span> <span class='ocrx_word' id='word_1_149' title='bbox 1124 1918 1222 1979; x_wconf 90' lang='lat' dir='ltr'><strong>illatae</strong></span> <span class='ocrx_word' id='word_1_150' title='bbox 1256 1912 1365 2001; x_wconf 83' lang='lat' dir='ltr'><strong>suut¹)</strong></span> 
     </span>
     <span class='ocr_line' id='line_1_17' title="bbox 190 2014 1366 2096; baseline -0.001 -19"><span class='ocrx_word' id='word_1_151' title='bbox 190 2017 287 2096; x_wconf 75' lang='lat' dir='ltr'><strong>Atque</strong></span> <span class='ocrx_word' id='word_1_152' title='bbox 307 2017 397 2078; x_wconf 82' lang='lat' dir='ltr'><strong>verba</strong></span> <span class='ocrx_word' id='word_1_153' title='bbox 420 2019 450 2078; x_wconf 93' lang='lat' dir='ltr'><strong>in</strong></span> <span class='ocrx_word' id='word_1_154' title='bbox 475 2037 524 2079; x_wconf 90' lang='grc' dir='ltr'><strong>αω</strong></span> <span class='ocrx_word' id='word_1_155' title='bbox 548 2018 640 2096; x_wconf 82' lang='lat' dir='ltr'><strong>magis</strong></span> <span class='ocrx_word' id='word_1_156' title='bbox 664 2033 752 2096; x_wconf 87' lang='lat' dir='ltr'><strong>quam</strong></span> <span class='ocrx_word' id='word_1_157' title='bbox 776 2021 874 2076; x_wconf 88' lang='lat' dir='ltr'><strong>cetera</strong></span> <span class='ocrx_word' id='word_1_158' title='bbox 894 2014 929 2074; x_wconf 88' lang='lat' dir='ltr'><strong>ad</strong></span> <span class='ocrx_word' id='word_1_159' title='bbox 949 2015 1064 2076; x_wconf 82' lang='lat' dir='ltr'><strong>vocales</strong></span> <span class='ocrx_word' id='word_1_160' title='bbox 1083 2015 1302 2077; x_wconf 84' lang='lat' dir='ltr'><strong>contrahendas</strong></span> <span class='ocrx_word' id='word_1_161' title='bbox 1322 2017 1366 2076; x_wconf 91' lang='lat' dir='ltr'><strong>in·</strong></span> 
     </span>
     <span class='ocr_line' id='line_1_18' title="bbox 192 2112 1365 2197; baseline 0.001 -23"><span class='ocrx_word' id='word_1_162' title='bbox 192 2113 319 2176; x_wconf 86' lang='lat' dir='ltr'><strong>elinasse</strong></span> <span class='ocrx_word' id='word_1_163' title='bbox 346 2115 416 2176; x_wconf 92' lang='lat' dir='ltr'><strong>inde</strong></span> <span class='ocrx_word' id='word_1_164' title='bbox 444 2114 578 2197; x_wconf 84' lang='lat' dir='ltr'><strong>colligas,</strong></span> <span class='ocrx_word' id='word_1_165' title='bbox 609 2113 688 2194; x_wconf 87' lang='lat' dir='ltr'><strong>quod</strong></span> <span class='ocrx_word' id='word_1_166' title='bbox 720 2112 799 2174; x_wconf 87' lang='lat' dir='ltr'><strong>nulla</strong></span> <span class='ocrx_word' id='word_1_167' title='bbox 827 2113 890 2174; x_wconf 88' lang='lat' dir='ltr'><strong>lere</strong></span> <span class='ocrx_word' id='word_1_168' title='bbox 918 2131 1045 2192; x_wconf 89' lang='lat' dir='ltr'><strong>persona</strong></span> <span class='ocrx_word' id='word_1_169' title='bbox 1073 2113 1181 2174; x_wconf 91' lang='lat' dir='ltr'><strong>borum</strong></span> <span class='ocrx_word' id='word_1_170' title='bbox 1207 2113 1365 2176; x_wconf 83' lang='lat' dir='ltr'><strong>verborum</strong></span> 
     </span>
     <span class='ocr_line' id='line_1_19' title="bbox 193 2209 1365 2296; baseline -0.002 -22"><span class='ocrx_word' id='word_1_171' title='bbox 193 2233 251 2276; x_wconf 93' lang='lat' dir='ltr'><strong>nou</strong></span> <span class='ocrx_word' id='word_1_172' title='bbox 282 2223 434 2277; x_wconf 88' lang='lat' dir='ltr'><strong>eontracta</strong></span> <span class='ocrx_word' id='word_1_173' title='bbox 467 2213 545 2296; x_wconf 84' lang='lat' dir='ltr'><strong>apud</strong></span> <span class='ocrx_word' id='word_1_174' title='bbox 577 2211 740 2274; x_wconf 82' lang='lat' dir='ltr'><strong>Homerum</strong></span> <span class='ocrx_word' id='word_1_175' title='bbox 772 2213 932 2272; x_wconf 89' lang='lat' dir='ltr'><strong>invenitur.</strong></span> <span class='ocrx_word' id='word_1_176' title='bbox 978 2209 1176 2272; x_wconf 88' lang='lat' dir='ltr'><strong>Nihilominus</strong></span> <span class='ocrx_word' id='word_1_177' title='bbox 1208 2211 1365 2274; x_wconf 90' lang='lat' dir='ltr'><strong>admodum</strong></span> 
     </span>
     <span class='ocr_line' id='line_1_20' title="bbox 192 2308 1365 2396; baseline -0.002 -24"><span class='ocrx_word' id='word_1_178' title='bbox 192 2315 300 2373; x_wconf 89' lang='lat' dir='ltr'><strong>mirum</strong></span> <span class='ocrx_word' id='word_1_179' title='bbox 324 2321 417 2396; x_wconf 87' lang='lat' dir='ltr'><strong>esset,</strong></span> <span class='ocrx_word' id='word_1_180' title='bbox 445 2315 472 2374; x_wconf 85' lang='lat' dir='ltr'><strong>si</strong></span> <span class='ocrx_word' id='word_1_181' title='bbox 499 2315 556 2372; x_wconf 91' lang='lat' dir='ltr'><strong>iam</strong></span> <span class='ocrx_word' id='word_1_182' title='bbox 580 2309 702 2373; x_wconf 85' lang='lat' dir='ltr'><strong>Homeri</strong></span> <span class='ocrx_word' id='word_1_183' title='bbox 726 2317 821 2371; x_wconf 86' lang='lat' dir='ltr'><strong>aetate</strong></span> <span class='ocrx_word' id='word_1_184' title='bbox 845 2308 932 2371; x_wconf 88' lang='lat' dir='ltr'><strong>verbo</strong></span> <span class='ocrx_word' id='word_1_185' title='bbox 957 2317 1108 2372; x_wconf 82' lang='lat' dir='ltr'><strong>eentmcta</strong></span> <span class='ocrx_word' id='word_1_186' title='bbox 1142 2313 1260 2371; x_wconf 84' lang='lat' dir='ltr'><strong>inverso</strong></span> <span class='ocrx_word' id='word_1_187' title='bbox 1293 2329 1365 2390; x_wconf 76' lang='lat' dir='ltr'><strong>gyro</strong></span> 
     </span>
     <span class='ocr_line' id='line_1_21' title="bbox 190 2407 1366 2487; baseline -0.001 -17"><span class='ocrx_word' id='word_1_188' title='bbox 190 2417 375 2472; x_wconf 90' lang='lat' dir='ltr'><strong>contractam</strong></span> <span class='ocrx_word' id='word_1_189' title='bbox 413 2411 542 2472; x_wconf 86' lang='lat' dir='ltr'><strong>vocalem</strong></span> <span class='ocrx_word' id='word_1_190' title='bbox 579 2411 689 2470; x_wconf 90' lang='lat' dir='ltr'><strong>iterum</strong></span> <span class='ocrx_word' id='word_1_191' title='bbox 722 2407 888 2470; x_wconf 86' lang='lat' dir='ltr'><strong>distrahere</strong></span> <span class='ocrx_word' id='word_1_192' title='bbox 921 2409 1099 2487; x_wconf 82' lang='lat' dir='ltr'><strong>coepissent</strong></span> <span class='ocrx_word' id='word_1_193' title='bbox 1153 2407 1218 2470; x_wconf 90' lang='lat' dir='ltr'><strong>Huc</strong></span> <span class='ocrx_word' id='word_1_194' title='bbox 1250 2408 1366 2470; x_wconf 89' lang='lat' dir='ltr'><strong>accedit</strong></span> 
     </span>
     <span class='ocr_line' id='line_1_22' title="bbox 191 2505 1366 2587; baseline -0.002 -19"><span class='ocrx_word' id='word_1_195' title='bbox 191 2508 270 2587; x_wconf 86' lang='lat' dir='ltr'><strong>quod</strong></span> <span class='ocrx_word' id='word_1_196' title='bbox 295 2509 433 2570; x_wconf 83' lang='lat' dir='ltr'><strong>diductae</strong></span> <span class='ocrx_word' id='word_1_197' title='bbox 457 2507 573 2569; x_wconf 86' lang='lat' dir='ltr'><strong>vocales</strong></span> <span class='ocrx_word' id='word_1_198' title='bbox 596 2525 656 2568; x_wconf 93' lang='lat' dir='ltr'><strong>non</strong></span> <span class='ocrx_word' id='word_1_199' title='bbox 679 2514 796 2569; x_wconf 84' lang='lat' dir='ltr'><strong>exstant</strong></span> <span class='ocrx_word' id='word_1_200' title='bbox 820 2507 877 2566; x_wconf 91' lang='lat' dir='ltr'><strong>nisi</strong></span> <span class='ocrx_word' id='word_1_201' title='bbox 905 2523 1007 2566; x_wconf 87' lang='lat' dir='ltr'><strong>earum</strong></span> <span class='ocrx_word' id='word_1_202' title='bbox 1036 2505 1211 2586; x_wconf 81' lang='lat' dir='ltr'><strong>termarum,</strong></span> <span class='ocrx_word' id='word_1_203' title='bbox 1241 2524 1366 2586; x_wconf 88' lang='lat' dir='ltr'><strong>quarum</strong></span> 
     </span>
     <span class='ocr_line' id='line_1_23' title="bbox 191 2593 1366 2686; baseline -0.003 -18"><span class='ocrx_word' id='word_1_204' title='bbox 191 2609 340 2684; x_wconf 86' lang='lat' dir='ltr'><strong>posterior</strong></span> <span class='ocrx_word' id='word_1_205' title='bbox 376 2607 485 2668; x_wconf 82' lang='lat' dir='ltr'><strong>vocalis</strong></span> <span class='ocrx_word' id='word_1_206' title='bbox 518 2608 577 2667; x_wconf 90' lang='lat' dir='ltr'><strong>iam</strong></span> <span class='ocrx_word' id='word_1_207' title='bbox 609 2607 673 2685; x_wconf 90' lang='lat' dir='ltr'><strong>ipsa</strong></span> <span class='ocrx_word' id='word_1_208' title='bbox 705 2604 792 2683; x_wconf 79' lang='lat' dir='ltr'><strong>longa</strong></span> <span class='ocrx_word' id='word_1_209' title='bbox 824 2611 886 2686; x_wconf 87' lang='lat' dir='ltr'><strong>est,</strong></span> <span class='ocrx_word' id='word_1_210' title='bbox 918 2621 1079 2682; x_wconf 85' lang='lat' dir='ltr'><strong>numquam</strong></span> <span class='ocrx_word' id='word_1_211' title='bbox 1113 2611 1212 2664; x_wconf 91' lang='lat' dir='ltr'><strong>autem</strong></span> <span class='ocrx_word' id='word_1_212' title='bbox 1245 2593 1366 2685; x_wconf 87' lang='grc' dir='ltr'><strong><em>ὁράατε</em></strong></span> 
     </span>
     <span class='ocr_line' id='line_1_24' title="bbox 194 2692 1365 2784; baseline -0.003 -20"><span class='ocrx_word' id='word_1_213' title='bbox 194 2692 347 2783; x_wconf 85' lang='grc' dir='ltr'><strong><em>ὁρόωμεν</em></strong></span> <span class='ocrx_word' id='word_1_214' title='bbox 371 2695 495 2784; x_wconf 88' lang='grc' dir='ltr'><strong><em>ὁράατο</em></strong></span> <span class='ocrx_word' id='word_1_215' title='bbox 519 2711 662 2782; x_wconf 89' lang='lat' dir='ltr'><strong>usurpata</strong></span> <span class='ocrx_word' id='word_1_216' title='bbox 685 2704 887 2764; x_wconf 85' lang='lat' dir='ltr'><strong>inveniuntur.</strong></span> <span class='ocrx_word' id='word_1_217' title='bbox 925 2701 1007 2773; x_wconf 80' lang='lat' dir='ltr'><strong>Quae</strong></span> <span class='ocrx_word' id='word_1_218' title='bbox 1026 2719 1095 2762; x_wconf 88' lang='lat' dir='ltr'><strong>eum</strong></span> <span class='ocrx_word' id='word_1_219' title='bbox 1113 2703 1154 2762; x_wconf 90' lang='lat' dir='ltr'><strong>ita</strong></span> <span class='ocrx_word' id='word_1_220' title='bbox 1174 2709 1283 2784; x_wconf 87' lang='lat' dir='ltr'><strong>essent,</strong></span> <span class='ocrx_word' id='word_1_221' title='bbox 1305 2701 1365 2761; x_wconf 92' lang='lat' dir='ltr'><strong>Leo</strong></span> 
     </span>
     <span class='ocr_line' id='line_1_25' title="bbox 194 2789 1365 2884; baseline -0.003 -22"><span class='ocrx_word' id='word_1_222' title='bbox 194 2801 331 2882; x_wconf 79' lang='lat' dir='ltr'><strong>lleyerus</strong></span> <span class='ocrx_word' id='word_1_223' title='bbox 355 2793 444 2884; x_wconf 88' lang='grc' dir='ltr'><strong><em>ὁρόω</em></strong></span> <span class='ocrx_word' id='word_1_224' title='bbox 469 2793 635 2884; x_wconf 81' lang='grc' dir='ltr'><strong><em>ὁρόωντες</em></strong></span> <span class='ocrx_word' id='word_1_225' title='bbox 657 2819 717 2862; x_wconf 90' lang='lat' dir='ltr'><strong>non</strong></span> <span class='ocrx_word' id='word_1_226' title='bbox 745 2819 781 2860; x_wconf 84' lang='lat' dir='ltr'><strong>ex</strong></span> <span class='ocrx_word' id='word_1_227' title='bbox 810 2791 879 2884; x_wconf 76' lang='grc' dir='ltr'><strong>ὁρῶ</strong></span> <span class='ocrx_word' id='word_1_228' title='bbox 910 2789 1054 2882; x_wconf 76' lang='grc' dir='ltr'><strong><em>ὁρῶντες</em></strong></span> <span class='ocrx_word' id='word_1_229' title='bbox 1081 2799 1214 2881; x_wconf 87' lang='lat' dir='ltr'><strong>diducta,</strong></span> <span class='ocrx_word' id='word_1_230' title='bbox 1245 2799 1297 2861; x_wconf 88' lang='lat' dir='ltr'><strong>sed</strong></span> <span class='ocrx_word' id='word_1_231' title='bbox 1330 2817 1365 2859; x_wconf 84' lang='lat' dir='ltr'><strong>ex</strong></span> 
     </span>
     <span class='ocr_line' id='line_1_26' title="bbox 191 2889 1366 2981; baseline -0.002 -22"><span class='ocrx_word' id='word_1_232' title='bbox 191 2889 284 2981; x_wconf 85' lang='grc' dir='ltr'><strong><em>ὁρόω</em></strong></span> <span class='ocrx_word' id='word_1_233' title='bbox 308 2891 467 2979; x_wconf 88' lang='grc' dir='ltr'><strong><em>ὁράοντες</em></strong></span> <span class='ocrx_word' id='word_1_234' title='bbox 495 2898 663 2962; x_wconf 86' lang='lat' dir='ltr'><strong>assimulata</strong></span> <span class='ocrx_word' id='word_1_235' title='bbox 694 2902 794 2978; x_wconf 91' lang='lat' dir='ltr'><strong>priore</strong></span> <span class='ocrx_word' id='word_1_236' title='bbox 823 2898 916 2960; x_wconf 80' lang='lat' dir='ltr'><strong>vocali</strong></span> <span class='ocrx_word' id='word_1_237' title='bbox 943 2897 1028 2960; x_wconf 88' lang='lat' dir='ltr'><strong>alteri</strong></span> <span class='ocrx_word' id='word_1_238' title='bbox 1056 2907 1211 2977; x_wconf 90' lang='lat' dir='ltr'><strong>procreata</strong></span> <span class='ocrx_word' id='word_1_239' title='bbox 1239 2899 1366 2977; x_wconf 86' lang='lat' dir='ltr'><strong>ideoque</strong></span> 
     </span>
     <span class='ocr_line' id='line_1_27' title="bbox 190 2987 1426 3080; baseline 0 -23"><span class='ocrx_word' id='word_1_240' title='bbox 190 2987 350 3078; x_wconf 67' lang='lat' dir='ltr'><strong>dedoceas</strong></span> <span class='ocrx_word' id='word_1_241' title='bbox 372 2989 594 3080; x_wconf 65' lang='lat' dir='ltr'><strong>perpendente,</strong></span> <span class='ocrx_word' id='word_1_242' title='bbox 617 3017 677 3058; x_wconf 93' lang='lat' dir='ltr'><strong>non</strong></span> <span class='ocrx_word' id='word_1_243' title='bbox 702 2988 868 3078; x_wconf 86' lang='grc' dir='ltr'><strong><em>ὁρόωντες</em></strong></span> <span class='ocrx_word' id='word_1_244' title='bbox 891 2996 1047 3058; x_wconf 90' lang='lat' dir='ltr'><strong>scribenda</strong></span> <span class='ocrx_word' id='word_1_245' title='bbox 1072 3015 1137 3057; x_wconf 91' lang='lat' dir='ltr'><strong>esse</strong></span> <span class='ocrx_word' id='word_1_246' title='bbox 1161 2998 1273 3058; x_wconf 83' lang='lat' dir='ltr'><strong>statuit</strong></span> <span class='ocrx_word' id='word_1_247' title='bbox 1320 2996 1365 3057; x_wconf 91' lang='lat' dir='ltr'><strong>lu·</strong></span> <span class='ocrx_word' id='word_1_248' title='bbox 1423 3037 1426 3040; x_wconf 91' lang='lat'>-</span> 
     </span>
     <span class='ocr_line' id='line_1_28' title="bbox 189 3093 1366 3177; baseline -0.002 -21"><span class='ocrx_word' id='word_1_249' title='bbox 189 3097 311 3172; x_wconf 83' lang='lat' dir='ltr'><strong>geniese</strong></span> <span class='ocrx_word' id='word_1_250' title='bbox 335 3094 384 3156; x_wconf 87' lang='lat' dir='ltr'><strong>ille</strong></span> <span class='ocrx_word' id='word_1_251' title='bbox 413 3096 534 3177; x_wconf 90' lang='lat' dir='ltr'><strong>quidem</strong></span> <span class='ocrx_word' id='word_1_252' title='bbox 565 3104 595 3157; x_wconf 90' lang='lat' dir='ltr'><strong>et</strong></span> <span class='ocrx_word' id='word_1_253' title='bbox 622 3094 811 3157; x_wconf 87' lang='lat' dir='ltr'><strong>accomodate</strong></span> <span class='ocrx_word' id='word_1_254' title='bbox 838 3094 873 3155; x_wconf 90' lang='lat' dir='ltr'><strong>ad</strong></span> <span class='ocrx_word' id='word_1_255' title='bbox 903 3093 1157 3175; x_wconf 87' lang='lat' dir='ltr'><strong>persuadendum,</strong></span> <span class='ocrx_word' id='word_1_256' title='bbox 1190 3096 1366 3175; x_wconf 88' lang='lat' dir='ltr'><strong>praesertim</strong></span> 
     </span>
     <span class='ocr_line' id='line_1_29' title="bbox 190 3185 1366 3275; baseline 0 -22"><span class='ocrx_word' id='word_1_257' title='bbox 190 3211 258 3254; x_wconf 93' lang='lat' dir='ltr'><strong>oem</strong></span> <span class='ocrx_word' id='word_1_258' title='bbox 283 3195 388 3255; x_wconf 89' lang='lat' dir='ltr'><strong>similis</strong></span> <span class='ocrx_word' id='word_1_259' title='bbox 412 3197 555 3256; x_wconf 86' lang='lat' dir='ltr'><strong>orationis</strong></span> <span class='ocrx_word' id='word_1_260' title='bbox 577 3203 737 3275; x_wconf 87' lang='lat' dir='ltr'><strong>processus</strong></span> <span class='ocrx_word' id='word_1_261' title='bbox 761 3194 849 3254; x_wconf 89' lang='lat' dir='ltr'><strong>etiarn</strong></span> <span class='ocrx_word' id='word_1_262' title='bbox 867 3195 898 3254; x_wconf 95' lang='lat' dir='ltr'><strong>in</strong></span> <span class='ocrx_word' id='word_1_263' title='bbox 917 3185 998 3265; x_wconf 83' lang='grc' dir='ltr'><strong><em>σόος</em></strong></span> <span class='ocrx_word' id='word_1_264' title='bbox 1015 3185 1156 3273; x_wconf 80' lang='grc' dir='ltr'><strong><em>φαάνθη</em></strong></span> <span class='ocrx_word' id='word_1_265' title='bbox 1176 3185 1366 3273; x_wconf 81' lang='grc' dir='ltr'><strong><em>φαάντατος</em></strong></span> 
     </span>
     <span class='ocr_line' id='line_1_30' title="bbox 188 3282 1366 3373; baseline 0.003 -22"><span class='ocrx_word' id='word_1_266' title='bbox 188 3309 225 3351; x_wconf 83' lang='lat' dir='ltr'><strong>ex</strong></span> <span class='ocrx_word' id='word_1_267' title='bbox 249 3284 333 3366; x_wconf 84' lang='grc' dir='ltr'><strong><em>σάος</em></strong></span> <span class='ocrx_word' id='word_1_268' title='bbox 356 3285 492 3373; x_wconf 75' lang='grc' dir='ltr'><strong><em>φαένθη</em></strong></span> <span class='ocrx_word' id='word_1_269' title='bbox 512 3284 697 3373; x_wconf 70' lang='grc' dir='ltr'><strong><em>φαάντατος</em></strong></span> <span class='ocrx_word' id='word_1_270' title='bbox 719 3293 873 3372; x_wconf 80' lang='lat' dir='ltr'><strong>prognatis</strong></span> <span class='ocrx_word' id='word_1_271' title='bbox 896 3293 1064 3352; x_wconf 84' lang='lat' dir='ltr'><strong>inveniatur</strong></span> <span class='ocrx_word' id='word_1_272' title='bbox 1092 3298 1121 3352; x_wconf 90' lang='lat' dir='ltr'><strong>et</strong></span> <span class='ocrx_word' id='word_1_273' title='bbox 1145 3292 1256 3354; x_wconf 82' lang='lat' dir='ltr'><strong>formae</strong></span> <span class='ocrx_word' id='word_1_274' title='bbox 1280 3282 1366 3372; x_wconf 78' lang='grc' dir='ltr'><strong><em>ἡβά-</em></strong></span> 
     </span>
     <span class='ocr_line' id='line_1_31' title="bbox 190 3384 1365 3472; baseline -0.001 -20"><span class='ocrx_word' id='word_1_275' title='bbox 190 3407 272 3452; x_wconf 85' lang='grc' dir='ltr'><strong><em>οντα</em></strong></span> <span class='ocrx_word' id='word_1_276' title='bbox 296 3389 318 3451; x_wconf 88' lang='lat' dir='ltr'><strong><em>I</em></strong></span> <span class='ocrx_word' id='word_1_277' title='bbox 338 3388 414 3452; x_wconf 87' lang='lat'>446.</span> <span class='ocrx_word' id='word_1_278' title='bbox 438 3389 473 3450; x_wconf 73' lang='grc' dir='ltr'><em>Ω</em></span> <span class='ocrx_word' id='word_1_279' title='bbox 495 3389 576 3469; x_wconf 84' lang='grc'>604,</span> <span class='ocrx_word' id='word_1_280' title='bbox 599 3384 752 3472; x_wconf 76' lang='grc' dir='ltr'><strong><em>μνώοντο</em></strong></span> <span class='ocrx_word' id='word_1_281' title='bbox 777 3389 808 3450; x_wconf 86' lang='grc' dir='ltr'><em>Λ</em></span> <span class='ocrx_word' id='word_1_282' title='bbox 832 3387 882 3452; x_wconf 80' lang='grc'><strong>71.</strong></span> <span class='ocrx_word' id='word_1_283' title='bbox 907 3391 945 3450; x_wconf 89' lang='grc' dir='ltr'><em>Π</em></span> <span class='ocrx_word' id='word_1_284' title='bbox 966 3386 1038 3450; x_wconf 79' lang='grc'>771.</span> <span class='ocrx_word' id='word_1_285' title='bbox 1062 3387 1082 3448; x_wconf 79' lang='grc' dir='ltr'><em>λ</em></span> <span class='ocrx_word' id='word_1_286' title='bbox 1106 3386 1187 3468; x_wconf 78' lang='grc'>287,</span> <span class='ocrx_word' id='word_1_287' title='bbox 1217 3384 1365 3470; x_wconf 86' lang='grc' dir='ltr'><strong><em>μνωόμε-</em></strong></span> 
     </span>
     <span class='ocr_line' id='line_1_32' title="bbox 187 3477 1364 3570; baseline -0.001 -22"><span class='ocrx_word' id='word_1_288' title='bbox 187 3507 248 3560; x_wconf 88' lang='grc' dir='ltr'><strong>νος</strong></span> <span class='ocrx_word' id='word_1_289' title='bbox 272 3485 294 3548; x_wconf 84' lang='lat' dir='ltr'><strong>d</strong></span> <span class='ocrx_word' id='word_1_290' title='bbox 318 3486 393 3568; x_wconf 89' lang='grc'>106,</span> <span class='ocrx_word' id='word_1_291' title='bbox 418 3477 436 3550; x_wconf 90' lang='lat' dir='ltr'><strong>e</strong></span> <span class='ocrx_word' id='word_1_292' title='bbox 461 3487 525 3552; x_wconf 87' lang='grc'><strong>399</strong></span> <span class='ocrx_word' id='word_1_293' title='bbox 550 3491 728 3570; x_wconf 91' lang='lat' dir='ltr'><strong>optimorum</strong></span> <span class='ocrx_word' id='word_1_294' title='bbox 753 3486 889 3550; x_wconf 89' lang='lat' dir='ltr'><strong>ecdicum</strong></span> <span class='ocrx_word' id='word_1_295' title='bbox 912 3505 1061 3548; x_wconf 88' lang='lat' dir='ltr'><strong>consensu</strong></span> <span class='ocrx_word' id='word_1_296' title='bbox 1085 3487 1276 3549; x_wconf 80' lang='lat' dir='ltr'><strong>confirmatae</strong></span> <span class='ocrx_word' id='word_1_297' title='bbox 1297 3490 1364 3548; x_wconf 88' lang='lat' dir='ltr'><strong>sint</strong></span> 
     </span>
     <span class='ocr_line' id='line_1_33' title="bbox 188 3575 1364 3667; baseline 0 -22"><span class='ocrx_word' id='word_1_298' title='bbox 188 3584 293 3665; x_wconf 81' lang='lat' dir='ltr'><strong>Neque</strong></span> <span class='ocrx_word' id='word_1_299' title='bbox 317 3605 418 3647; x_wconf 87' lang='lat' dir='ltr'><strong>moror</strong></span> <span class='ocrx_word' id='word_1_300' title='bbox 441 3587 521 3666; x_wconf 90' lang='lat' dir='ltr'><strong>quod</strong></span> <span class='ocrx_word' id='word_1_301' title='bbox 545 3589 575 3648; x_wconf 89' lang='lat' dir='ltr'><strong>iu</strong></span> <span class='ocrx_word' id='word_1_302' title='bbox 598 3585 740 3647; x_wconf 83' lang='lat' dir='ltr'><strong>Herodoti</strong></span> <span class='ocrx_word' id='word_1_303' title='bbox 769 3605 887 3666; x_wconf 86' lang='lat' dir='ltr'><strong>quoque</strong></span> <span class='ocrx_word' id='word_1_304' title='bbox 915 3584 1000 3647; x_wconf 85' lang='lat' dir='ltr'><strong>libris</strong></span> <span class='ocrx_word' id='word_1_305' title='bbox 1027 3575 1219 3667; x_wconf 79' lang='grc' dir='ltr'><strong><em>ἠγορόωντο</em></strong></span> <span class='ocrx_word' id='word_1_306' title='bbox 1250 3583 1288 3645; x_wconf 90' lang='lat' dir='ltr'><strong>Vl</strong></span> <span class='ocrx_word' id='word_1_307' title='bbox 1313 3583 1364 3665; x_wconf 91' lang='lat'><strong>11,</strong></span> 
     </span>
     <span class='ocr_line' id='line_1_34' title="bbox 189 3673 1363 3765; baseline -0.002 -20"><span class='ocrx_word' id='word_1_308' title='bbox 189 3673 340 3764; x_wconf 80' lang='grc' dir='ltr'><strong><em>κομόωσι</em></strong></span> <span class='ocrx_word' id='word_1_309' title='bbox 364 3681 401 3742; x_wconf 90' lang='lat' dir='ltr'><strong>lV</strong></span> <span class='ocrx_word' id='word_1_310' title='bbox 426 3679 486 3743; x_wconf 88' lang='lat'><strong>191</strong></span> <span class='ocrx_word' id='word_1_311' title='bbox 512 3682 665 3764; x_wconf 81' lang='lat' dir='ltr'><strong>leguntur3</strong></span> <span class='ocrx_word' id='word_1_312' title='bbox 690 3683 763 3744; x_wconf 87' lang='lat' dir='ltr'><strong>baec</strong></span> <span class='ocrx_word' id='word_1_313' title='bbox 796 3686 889 3765; x_wconf 88' lang='lat' dir='ltr'><strong>enim,</strong></span> <span class='ocrx_word' id='word_1_314' title='bbox 916 3691 950 3745; x_wconf 89' lang='lat' dir='ltr'><strong>ut</strong></span> <span class='ocrx_word' id='word_1_315' title='bbox 977 3682 1068 3746; x_wconf 87' lang='lat' dir='ltr'><strong>multa</strong></span> <span class='ocrx_word' id='word_1_316' title='bbox 1097 3682 1154 3744; x_wconf 87' lang='lat' dir='ltr'><strong>alie</strong></span> <span class='ocrx_word' id='word_1_317' title='bbox 1182 3701 1218 3742; x_wconf 81' lang='lat' dir='ltr'><strong>cx</strong></span> <span class='ocrx_word' id='word_1_318' title='bbox 1241 3681 1363 3744; x_wconf 89' lang='lat' dir='ltr'><strong>Homeri</strong></span> 
     </span>
     <span class='ocr_line' id='line_1_35' title="bbox 189 3779 1362 3862; baseline 0 -20"><span class='ocrx_word' id='word_1_319' title='bbox 189 3789 288 3862; x_wconf 79' lang='lat' dir='ltr'><strong>textu,</strong></span> <span class='ocrx_word' id='word_1_320' title='bbox 312 3779 408 3860; x_wconf 85' lang='lat' dir='ltr'><strong>qualis</strong></span> <span class='ocrx_word' id='word_1_321' title='bbox 431 3788 494 3841; x_wconf 93' lang='lat' dir='ltr'><strong>tum</strong></span> <span class='ocrx_word' id='word_1_322' title='bbox 514 3780 679 3862; x_wconf 80' lang='lat' dir='ltr'><strong>terebatur,</strong></span> <span class='ocrx_word' id='word_1_323' title='bbox 703 3783 733 3840; x_wconf 91' lang='lat' dir='ltr'><strong>in</strong></span> <span class='ocrx_word' id='word_1_324' title='bbox 756 3779 899 3842; x_wconf 91' lang='lat' dir='ltr'><strong>Herodoti</strong></span> <span class='ocrx_word' id='word_1_325' title='bbox 927 3779 1020 3843; x_wconf 91' lang='lat' dir='ltr'><strong>libres</strong></span> <span class='ocrx_word' id='word_1_326' title='bbox 1050 3783 1192 3860; x_wconf 86' lang='lat' dir='ltr'><strong>migrasse</strong></span> <span class='ocrx_word' id='word_1_327' title='bbox 1215 3780 1362 3842; x_wconf 85' lang='lat' dir='ltr'><strong>videntur.</strong></span> 
     </span>
     <span class='ocr_line' id='line_1_36' title="bbox 188 3878 1364 3961; baseline 0.002 -23"><span class='ocrx_word' id='word_1_328' title='bbox 188 3879 301 3940; x_wconf 87' lang='lat' dir='ltr'><strong>&#39;lamen</strong></span> <span class='ocrx_word' id='word_1_329' title='bbox 320 3897 387 3939; x_wconf 89' lang='lat' dir='ltr'><strong>esse</strong></span> <span class='ocrx_word' id='word_1_330' title='bbox 407 3878 486 3960; x_wconf 91' lang='lat' dir='ltr'><strong>qued</strong></span> <span class='ocrx_word' id='word_1_331' title='bbox 505 3878 659 3958; x_wconf 87' lang='lat' dir='ltr'><strong>displiceat</strong></span> <span class='ocrx_word' id='word_1_332' title='bbox 681 3881 712 3940; x_wconf 92' lang='lat' dir='ltr'><strong>in</strong></span> <span class='ocrx_word' id='word_1_333' title='bbox 731 3878 840 3959; x_wconf 76' lang='lat' dir='ltr'><strong>lleyeri</strong></span> <span class='ocrx_word' id='word_1_334' title='bbox 864 3883 1045 3961; x_wconf 87' lang='lat' dir='ltr'><strong>coniectura,</strong></span> <span class='ocrx_word' id='word_1_335' title='bbox 1067 3879 1231 3959; x_wconf 86' lang='lat' dir='ltr'><strong>prudenter</strong></span> <span class='ocrx_word' id='word_1_336' title='bbox 1248 3882 1364 3940; x_wconf 91' lang='lat' dir='ltr'><strong>monuit</strong></span> 
     </span>
     <span class='ocr_line' id='line_1_37' title="bbox 188 3970 1363 4062; baseline 0.003 -25"><span class='ocrx_word' id='word_1_337' title='bbox 188 3976 465 4056; x_wconf 81' lang='lat' dir='ltr'><strong>Wackernagelius:</strong></span> <span class='ocrx_word' id='word_1_338' title='bbox 484 3980 613 4058; x_wconf 88' lang='lat' dir='ltr'><strong>primum</strong></span> <span class='ocrx_word' id='word_1_339' title='bbox 628 3977 707 4057; x_wconf 92' lang='lat' dir='ltr'><strong>qued</strong></span> <span class='ocrx_word' id='word_1_340' title='bbox 721 3980 752 4039; x_wconf 93' lang='lat' dir='ltr'><strong>in</strong></span> <span class='ocrx_word' id='word_1_341' title='bbox 767 3978 832 4039; x_wconf 90' lang='lat' dir='ltr'><strong>aliis</strong></span> <span class='ocrx_word' id='word_1_342' title='bbox 848 3979 1008 4062; x_wconf 85' lang='lat' dir='ltr'><strong>vocabulis,</strong></span> <span class='ocrx_word' id='word_1_343' title='bbox 1028 3987 1063 4039; x_wconf 95' lang='lat' dir='ltr'><strong>ut</strong></span> <span class='ocrx_word' id='word_1_344' title='bbox 1072 3970 1213 4060; x_wconf 75' lang='grc' dir='ltr'><strong><em>θυράων</em></strong></span> <span class='ocrx_word' id='word_1_345' title='bbox 1226 3971 1363 4062; x_wconf 70' lang='grc' dir='ltr'><strong><em>θυρέων</em></strong></span> 
     </span>
    </p>

    <p class='ocr_par' dir='ltr' id='par_1_3' title="bbox 189 4147 1364 4540">
     <span class='ocr_line' id='line_1_38' title="bbox 263 4147 1363 4222; baseline 0.002 -17"><span class='ocrx_word' id='word_1_346' title='bbox 263 4154 289 4218; x_wconf 92' lang='grc'><strong>1)</strong></span> <span class='ocrx_word' id='word_1_347' title='bbox 310 4150 351 4205; x_wconf 89' lang='lat' dir='ltr'><strong>De</strong></span> <span class='ocrx_word' id='word_1_348' title='bbox 371 4149 459 4204; x_wconf 84' lang='lat' dir='ltr'><strong>dubia</strong></span> <span class='ocrx_word' id='word_1_349' title='bbox 481 4148 534 4202; x_wconf 89' lang='lat' dir='ltr'><strong>fide</strong></span> <span class='ocrx_word' id='word_1_350' title='bbox 558 4149 727 4204; x_wconf 79' lang='lat' dir='ltr'><strong>soristornm</strong></span> <span class='ocrx_word' id='word_1_351' title='bbox 751 4147 840 4205; x_wconf 75' lang='grc' dir='ltr'><strong><em>ἰδέειν</em></strong></span> <span class='ocrx_word' id='word_1_352' title='bbox 863 4147 975 4222; x_wconf 72' lang='grc' dir='ltr'><strong><em>βαλέειν</em></strong></span> <span class='ocrx_word' id='word_1_353' title='bbox 999 4148 1122 4219; x_wconf 76' lang='grc' dir='ltr'><strong><em>τεκέειν,</em></strong></span> <span class='ocrx_word' id='word_1_354' title='bbox 1150 4151 1275 4220; x_wconf 81' lang='lat' dir='ltr'><strong>genetivi</strong></span> <span class='ocrx_word' id='word_1_355' title='bbox 1302 4147 1363 4220; x_wconf 84' lang='grc' dir='ltr'><strong>όοο,</strong></span> 
     </span>
     <span class='ocr_line' id='line_1_39' title="bbox 190 4225 1363 4300; baseline 0.001 -14"><span class='ocrx_word' id='word_1_356' title='bbox 190 4229 282 4286; x_wconf 86' lang='lat' dir='ltr'><strong>dualis</strong></span> <span class='ocrx_word' id='word_1_357' title='bbox 301 4231 413 4285; x_wconf 74' lang='lat' dir='ltr'><strong>innocen</strong></span> <span class='ocrx_word' id='word_1_358' title='bbox 431 4245 514 4299; x_wconf 88' lang='lat' dir='ltr'><strong>supra</strong></span> <span class='ocrx_word' id='word_1_359' title='bbox 533 4233 565 4294; x_wconf 63' lang='grc' dir='ltr'><strong>ἕξ</strong></span> <span class='ocrx_word' id='word_1_360' title='bbox 585 4234 627 4284; x_wconf 84' lang='grc'><strong>88.</strong></span> <span class='ocrx_word' id='word_1_361' title='bbox 648 4235 690 4285; x_wconf 78' lang='lat' dir='ltr'><strong>ta.</strong></span> <span class='ocrx_word' id='word_1_362' title='bbox 710 4237 744 4285; x_wconf 84' lang='grc'><strong>63</strong></span> <span class='ocrx_word' id='word_1_363' title='bbox 762 4229 819 4284; x_wconf 82' lang='lat' dir='ltr'><strong>iam</strong></span> <span class='ocrx_word' id='word_1_364' title='bbox 838 4229 994 4300; x_wconf 78' lang='lat' dir='ltr'><strong>disputavi3</strong></span> <span class='ocrx_word' id='word_1_365' title='bbox 1013 4231 1047 4285; x_wconf 86' lang='lat' dir='ltr'><strong>de</strong></span> <span class='ocrx_word' id='word_1_366' title='bbox 1066 4229 1114 4299; x_wconf 73' lang='grc' dir='ltr'><strong>ἕης</strong></span> <span class='ocrx_word' id='word_1_367' title='bbox 1131 4225 1271 4300; x_wconf 73' lang='grc' dir='ltr'><strong><em>ἀάσχετον</em></strong></span> <span class='ocrx_word' id='word_1_368' title='bbox 1290 4227 1363 4287; x_wconf 75' lang='lat' dir='ltr'><strong>cicic-</strong></span> 
     </span>
     <span class='ocr_line' id='line_1_40' title="bbox 189 4307 1363 4380; baseline 0.003 -17"><span class='ocrx_word' id='word_1_369' title='bbox 189 4329 238 4364; x_wconf 86' lang='grc' dir='ltr'><strong><em>τον</em></strong></span> <span class='ocrx_word' id='word_1_370' title='bbox 257 4309 323 4366; x_wconf 81' lang='lat' dir='ltr'><strong>ride</strong></span> <span class='ocrx_word' id='word_1_371' title='bbox 342 4326 414 4380; x_wconf 85' lang='lat' dir='ltr'><strong>quae</strong></span> <span class='ocrx_word' id='word_1_372' title='bbox 437 4310 467 4364; x_wconf 88' lang='lat' dir='ltr'><strong>in</strong></span> <span class='ocrx_word' id='word_1_373' title='bbox 490 4310 717 4365; x_wconf 79' lang='lat' dir='ltr'><strong>adnotationibus</strong></span> <span class='ocrx_word' id='word_1_374' title='bbox 741 4326 790 4366; x_wconf 83' lang='lat' dir='ltr'><strong>suo</strong></span> <span class='ocrx_word' id='word_1_375' title='bbox 813 4310 877 4363; x_wconf 89' lang='lat' dir='ltr'><strong>leco</strong></span> <span class='ocrx_word' id='word_1_376' title='bbox 901 4309 1046 4376; x_wconf 80' lang='lat' dir='ltr'><strong>adnotari3</strong></span> <span class='ocrx_word' id='word_1_377' title='bbox 1065 4309 1184 4377; x_wconf 90' lang='lat' dir='ltr'><strong>denique</strong></span> <span class='ocrx_word' id='word_1_378' title='bbox 1203 4307 1282 4380; x_wconf 82' lang='grc' dir='ltr'><strong><em>φόως</em></strong></span> <span class='ocrx_word' id='word_1_379' title='bbox 1299 4312 1363 4368; x_wconf 90' lang='lat' dir='ltr'><strong>ideo</strong></span> 
     </span>
     <span class='ocr_line' id='line_1_41' title="bbox 191 4389 1364 4460; baseline 0.001 -15"><span class='ocrx_word' id='word_1_380' title='bbox 191 4389 370 4458; x_wconf 78' lang='lat' dir='ltr'><strong>grammatici</strong></span> <span class='ocrx_word' id='word_1_381' title='bbox 398 4389 549 4445; x_wconf 77' lang='lat' dir='ltr'><strong>commenti</strong></span> <span class='ocrx_word' id='word_1_382' title='bbox 574 4405 633 4446; x_wconf 86' lang='lat' dir='ltr'><strong>esse</strong></span> <span class='ocrx_word' id='word_1_383' title='bbox 659 4390 802 4458; x_wconf 82' lang='lat' dir='ltr'><strong>ridentur,</strong></span> <span class='ocrx_word' id='word_1_384' title='bbox 829 4391 905 4460; x_wconf 90' lang='lat' dir='ltr'><strong>quod</strong></span> <span class='ocrx_word' id='word_1_385' title='bbox 928 4391 1047 4445; x_wconf 84' lang='lat' dir='ltr'><strong>alteram</strong></span> <span class='ocrx_word' id='word_1_386' title='bbox 1075 4389 1214 4460; x_wconf 83' lang='lat' dir='ltr'><strong>syllabam</strong></span> <span class='ocrx_word' id='word_1_387' title='bbox 1241 4392 1364 4448; x_wconf 85' lang='lat' dir='ltr'><strong>nominis</strong></span> 
     </span>
     <span class='ocr_line' id='line_1_42' title="bbox 190 4464 1228 4540; baseline 0.007 -18"><span class='ocrx_word' id='word_1_388' title='bbox 190 4464 263 4535; x_wconf 82' lang='grc' dir='ltr'><strong><em>φάος</em></strong></span> <span class='ocrx_word' id='word_1_389' title='bbox 285 4468 313 4524; x_wconf 80' lang='lat' dir='ltr'><strong>vi</strong></span> <span class='ocrx_word' id='word_1_390' title='bbox 332 4467 405 4524; x_wconf 84' lang='lat' dir='ltr'><strong>ictus</strong></span> <span class='ocrx_word' id='word_1_391' title='bbox 424 4469 590 4539; x_wconf 74' lang='lat' dir='ltr'><strong>productam</strong></span> <span class='ocrx_word' id='word_1_392' title='bbox 608 4471 640 4540; x_wconf 81' lang='lat' dir='ltr'><strong>(B</strong></span> <span class='ocrx_word' id='word_1_393' title='bbox 659 4476 702 4526; x_wconf 80' lang='lat'><strong>49.</strong></span> <span class='ocrx_word' id='word_1_394' title='bbox 723 4475 748 4527; x_wconf 89' lang='lat'><em>0</em></span> <span class='ocrx_word' id='word_1_395' title='bbox 766 4478 827 4529; x_wconf 77' lang='lat' dir='ltr'><strong>rot.</strong></span> <span class='ocrx_word' id='word_1_396' title='bbox 849 4477 874 4526; x_wconf 87' lang='grc' dir='ltr'><em>Τ</em></span> <span class='ocrx_word' id='word_1_397' title='bbox 891 4477 933 4526; x_wconf 84' lang='grc'><strong>64.</strong></span> <span class='ocrx_word' id='word_1_398' title='bbox 954 4473 986 4524; x_wconf 80' lang='grc' dir='ltr'><em>Ψ</em></span> <span class='ocrx_word' id='word_1_399' title='bbox 1002 4473 1066 4540; x_wconf 71' lang='lat' dir='ltr'><strong>aad)</strong></span> <span class='ocrx_word' id='word_1_400' title='bbox 1084 4469 1228 4529; x_wconf 83' lang='lat' dir='ltr'><strong>nolebant.</strong></span> 
     </span>
    </p>
   </div>
   <div class='ocr_carea' id='block_1_3' title="bbox 0 0 1644 5104">
    <p class='ocr_par' dir='ltr' id='par_1_4' title="bbox 0 0 1644 5104">
     <span class='ocr_line' id='line_1_43' title="bbox 0 0 1644 5104; baseline 0 1"><span class='ocrx_word' id='word_1_401' title='bbox 0 0 1644 5104; x_wconf 95' lang='lat' dir='ltr'><strong> </strong></span> 
     </span>
    </p>
   </div>
  </div>
 </body>
</html>
