3280 5104
669 417 891 480 ..99-

193 595 313 639 manum
342 578 453 639 codicis
481 581 627 657 cuiusque
659 579 861 639 indicavimus.
911 578 960 638 Sic
989 579 1068 658 quod
1093 581 1125 638 A
1152 576 1194 642 66
1218 578 1367 640 adnotavi-

193 695 261 736 mus
278 696 330 756 γρ.
349 675 466 758 κνίσῃς
484 675 575 737 schol.
591 677 630 756 A,
650 676 705 736 hoc
726 685 840 757 spectat
859 676 1033 756 adplenum
1053 676 1198 738 scholium
1217 677 1281 738 cod.
1297 676 1367 738 Ven.

194 777 226 834 A
240 766 455 855 Ἀρίσταρχος
473 765 511 836 τὸ
530 773 647 855 κνίσης
666 768 783 848 ἑνικῶς
801 765 883 835 κατὰ
903 765 1040 854 γενικὴν
1059 774 1187 837 πτῶσιν
1206 767 1289 838 ἄνευ
1306 774 1367 838 τοῦ

193 893 222 949 ι,
241 871 322 952 quod
337 881 435 933 autem
451 872 486 932 ad
502 879 652 951 receptam
667 871 825 932 lectionem
840 865 914 932 ἐνθ’
933 869 1010 953 ἐμοί
1020 873 1043 934 I
1054 871 1120 936 462
1135 874 1307 935 adnotatum
1322 882 1368 934 est

194 961 282 1032 ἔνθά
301 968 395 1050 poaC
415 978 445 1030 et
462 990 515 1050 pp.
530 973 569 1050 A,
587 969 644 1029 hoc
664 971 810 1048 significat
829 969 986 1031 lectionem
1005 963 1091 1032 ἔνθά
1110 991 1167 1051 μοι
1186 978 1216 1031 et
1235 973 1265 1030 in
1284 978 1367 1031 textu

193 1068 309 1128 codicis
326 1067 348 1126 C
368 1077 486 1128 exstare
505 1076 535 1127 et
555 1077 703 1146 tamquam
724 1069 834 1128 variam
853 1067 1011 1129 lectionem
1031 1071 1061 1130 in
1081 1069 1182 1130 codice
1202 1071 1234 1129 A
1253 1070 1366 1130 relerri.

193 1165 244 1226 Sic
268 1175 366 1226 autem
390 1165 589 1246 distinximus,
613 1169 680 1245 quia
705 1167 801 1226 variae
826 1165 968 1226 lectiones
987 1169 1017 1226 in
1037 1166 1132 1245 plenis
1151 1166 1272 1227 scholiis
1292 1183 1366 1226 mar-

193 1261 342 1342 ginalibus
365 1263 519 1324 adnotatae
545 1281 648 1326 omnes
671 1263 706 1324 ad
730 1266 938 1342 grammaticos
957 1264 1170 1326 Alexandrinos
1195 1263 1367 1324 referendae

193 1369 279 1441 sunt,
317 1379 393 1440 quae
426 1369 525 1422 autem
558 1361 640 1422 brevi
673 1369 742 1421 nota
774 1381 825 1442 γρ.
860 1361 904 1422 vel
937 1357 974 1422 ἐν
1005 1353 1095 1447 o’a'ltp
1129 1362 1368 1441 introducuntur,

194 1459 355 1537 pleraeque
384 1457 563 1520 leviusculas
591 1468 675 1538 sunt,
705 1466 807 1536 utpote
836 1468 1003 1538 temporum
1027 1460 1156 1521 decursu
1182 1462 1211 1520 in
1241 1459 1368 1520 llomero

197 1575 257 1617 non
281 1555 367 1616 aliter
391 1565 479 1636 atque
503 1559 532 1617 in
557 1555 754 1616 Demosthene
779 1555 900 1617 Platone
924 1557 989 1618 aliis
1013 1558 1210 1636 scriptoribus
1233 1565 1324 1618 ortae.

283 1654 304 1732 ξ
333 1652 386 1716 49.
431 1655 555 1716 Praeter
571 1645 697 1716 'scholia
727 1653 936 1736 Alexandrina,
969 1657 999 1714 in
1033 1655 1117 1718 codd.
1145 1654 1257 1716 Veneto
1286 1657 1317 1715 A
1339 1663 1369 1714 et

196 1753 365 1814 victoriano
389 1756 500 1833 optime
524 1760 653 1832 serrata,
681 1751 825 1812 debemus
848 1752 960 1832 aliquot
983 1756 1104 1815 notitias
1127 1754 1163 1814 de
1188 1762 1287 1813 vetere
1311 1760 1369 1812 tra-

197 1851 309 1914 ditione
334 1860 434 1912 textus
457 1851 608 1912 Homerici
631 1850 725 1911 lexico
749 1848 907 1910 llomerico
931 1852 1077 1931 Apollonii
1102 1851 1267 1931 Sophistae,
1290 1868 1367 1910 com·

196 1952 306 2010 mentis
338 1951 597 2028 grammaticorum
631 1967 698 2008 cum
731 1947 855 2008 aliorum
890 1956 953 2008 tum
986 1949 1179 2030 Etymologici
1208 1948 1306 2027 Magni
1339 1955 1368 2007 et

194 2047 299 2107 lexicis
326 2045 466 2126 llesychii
498 2055 529 2106 et
561 2045 704 2125 Stephani
735 2043 875 2124 Byzantii.
922 2047 1017 2126 Atque
1049 2049 1178 2127 priores,
1209 2064 1278 2110 cum
1305 2045 1368 2105 iere

196 2145 232 2204 ad
269 2153 428 2223 praecepta
466 2144 630 2204 Aristarchi
666 2151 697 2204 et
734 2141 893 2204 Herodieni
926 2144 1109 2206 Aristarchei
1145 2145 1263 2206 aliunde
1300 2150 1368 2203 nota

195 2251 346 2323 spectent,
372 2260 431 2303 non
460 2241 585 2303 multum
609 2243 808 2320 respeximus,
837 2243 957 2302 maioris
978 2245 1068 2322 pretii
1091 2242 1205 2323 glossae
1229 2240 1368 2321 llesychli

115 2389 120 2398 .
196 2349 227 2400 et
250 2340 392 2420 Stephani
422 2348 505 2420 sunt,
533 2359 568 2400 ex
594 2339 703 2420 quibus
726 2338 794 2417 plns
818 2339 910 2400 semel
933 2344 1077 2420 genuinas
1102 2341 1244 2408 lectiones
1268 2347 1367 2400 aucto·

195 2441 283 2500 ritate
307 2439 471 2500 Aristarchi
489 2439 663 2500 obscuratas
682 2446 770 2518 atque
789 2437 911 2498 obrutas
931 2442 1140 2500 revocavimus.
1178 2437 1280 2498 Varias
1299 2453 1368 2495 vero

195 2536 353 2618 lectiones,
380 2555 456 2616 quae
484 2539 514 2596 in
543 2535 741 2616 scriptoribus
764 2534 886 2597 Homeri
913 2555 1018 2598 versus
1041 2535 1229 2598 laudantibus
1252 2541 1369 2594 exstant

195 2643 226 2695 et
249 2635 359 2715 quibus
377 2633 550 2713 colligendis
569 2637 718 2714 egregiam
737 2651 856 2712 operam
875 2642 944 2713 post
962 2633 1108 2714 lleynlum
1127 2635 1199 2711 Aug.
1218 2629 1369 2692 Nauclrius

195 2734 325 2812 navavit,
353 2749 420 2802 raro
450 2739 482 2792 nt
510 2731 691 2792 referremus
719 2749 826 2810 operae
850 2733 980 2811 pretium
1009 2749 1074 2794 esse
1102 2731 1250 2792 duximus.
1296 2727 1368 2788 Nam

194 2839 225 2890 et
253 2829 340 2909 longe
368 2829 471 2890 absum
500 2829 537 2890 ab
560 2829 664 2890 Adami
692 2831 750 2890 mei
776 2831 915 2907 opinione
939 2829 1090 2892 Platonem
1118 2837 1148 2890 et
1171 2825 1369 2899 Aristotelem,

195 2929 268 3006 quin
302 2928 390 2986 etiam
419 2926 579 2986 Aristidem
611 2934 640 2986 et
670 2924 860 2986 Plutarchum
893 2926 1014 2988 llomeri
1043 2935 1157 2988 textum
1195 2925 1320 2986 multum
1353 2941 1368 2982 a

194 3033 300 3085 nostro
328 3023 486 3086 distantem
517 3032 584 3084 ante
607 3023 710 3085 oculos
732 3021 872 3083 habuisse
895 3026 1037 3106 putantis,
1060 3033 1090 3086 et
1108 3042 1212 3104 parum
1232 3028 1369 3083 accurate

194 3120 261 3182 illos
290 3139 326 3181 ex
355 3139 409 3182 sua
436 3123 576 3196 memoria
607 3139 710 3182 versus
737 3121 919 3200 prompsisse
946 3141 1000 3201 per
1029 3141 1061 3182 sc
1090 3121 1241 3201 probabile
1270 3127 1317 3180 est
1340 3126 1370 3178 et
1440 3155 1443 3163 ι

194 3218 387 3278 citationibus
419 3225 587 3280 ceterorum
621 3220 801 3298 scriptorum
833 3218 1034 3280 confirmatur.
1084 3217 1195 3280 'l'amen
1228 3217 1278 3278 bic
1310 3215 1370 3277 illic

195 3317 372 3377 citationum
400 3314 516 3378 illarum
545 3315 688 3376 lectiones
717 3334 776 3374 non
804 3314 899 3375 solum
925 3316 1111 3397 rettulimus,
1136 3316 1186 3377 scd
1211 3317 1300 3376 etiam
1324 3332 1369 3374 re-

196 3416 345 3494 cepimus,
368 3414 404 3474 ci.
433 3413 462 3470 'b
491 3410 542 3474 84.
566 3413 589 3473 I
608 3409 794 3474 458—461.
818 3415 847 3474 Θ
869 3410 943 3476 548.
1130 3415 1135 3424 ’

285 3509 305 3586 ᾗ
331 3507 383 3572 50.
421 3509 545 3570 Codices
569 3526 665 3587 neque
690 3526 781 3569 novos
804 3529 859 3571 nos
883 3513 914 3572 in
937 3512 1034 3573 lucem
1054 3514 1254 3592 protraximus
1273 3528 1368 3589 neque

198 3626 275 3688 quos
294 3607 344 3669 alii
366 3609 425 3668 iam
448 3595 644 3686 contulerant,
667 3609 775 3668 iterum
799 3612 993 3690 excussimus,
1017 3610 1067 3672 scd
1087 3612 1144 3670 toti
1162 3611 1193 3670 in
1211 3609 1266 3670 bac
1285 3615 1369 3686 parte

198 3725 214 3768 a
239 3708 334 3785 copiis
357 3705 521 3766 editionum
540 3703 678 3766 Larochii
701 3703 805 3784 lleynii
830 3705 978 3800 Spitzneri
1001 3706 1168 3768 helimanni
1197 3706 1369 3786 pendemus.

199 3803 309 3865 Verum
337 3809 511 3884 apparatum
539 3801 770 3885 Larocbianum,
798 3805 847 3863 cui
876 3804 1177 3866 suusbonosetiam
1201 3802 1369 3883 posthanc

197 3920 293 3962 meam
312 3919 415 3962 curam
433 3900 572 3980 mauebit,
592 3919 650 3962 non
665 3901 858 3980 expilavimus
873 3919 969 3979 neque
985 3900 1104 3979 plenum
1120 3901 1370 3978 transcripsimus,

198 3999 252 4060 sed
271 3998 414 4060 selectum
433 3997 623 4058 exhibuimus
646 3998 833 4076 diligentiore
852 4000 1034 4079 quaestione,
1058 3998 1137 4078 quod
1155 3998 1281 4058 maxime
1305 3996 1370 4056 deri

199 4115 275 4176 opus
290 4106 362 4176 erat,
376 4096 413 4155 de
428 4095 564 4155 codicum
580 4096 676 4174 pretio
691 4097 829 4156 universo
845 4096 924 4156 etde
940 4096 1082 4173 dignitate
1097 4093 1281 4173 singulorum
1292 4093 1369 4154 codi-

198 4213 268 4256 cum
292 4196 436 4254 instituta.
472 4187 605 4253 Primum
628 4194 719 4270 igitur
743 4193 861 4254 codices
884 4194 965 4270 ipsos
988 4194 1018 4251 in
1042 4191 1115 4252 duas
1138 4190 1248 4250 classes
1272 4190 1370 4251 distri·

197 4291 289 4352 butos
306 4293 346 4351 ita
365 4307 525 4350 recensere
544 4291 639 4349 risum
659 4298 713 4368 est,
732 4299 765 4350 ut
778 4289 930 4367 lectorem,
949 4291 1001 4367 qui
1015 4288 1100 4366 plura
1115 4290 1192 4349 scire
1207 4290 1315 4368 cupiat,
1334 4288 1370 4348 ad

198 4388 308 4448 librum
318 4386 463 4466 Larocbii,
473 4386 666 4447 Homerische
676 4385 843 4448 'lextlrritilx
854 4405 881 4464 p.
890 4381 1065 4446 433-487
1077 4384 1152 4446 etad
1163 4383 1370 4464 prolegomena

200 4485 440 4546 llolimannianae
468 4485 607 4546 editionis
634 4483 734 4544 lliadis
755 4483 905 4564 ,librorum
930 4481 997 4542 lllll
1020 4491 1051 4544 et
1074 4481 1126 4543 llll
1149 4483 1369 4546 demandemns.

1121 4582 1158 4640 ’μ
