3192 5096
295 358 359 423 722
783 363 933 416 ΙΛῙΑΔΟΣ
952 363 978 414 Ω

293 519 390 602 όψεαι
415 517 515 600 αὐτὸς
538 519 644 606 ἄγων·
668 527 734 591 νῦν
758 523 795 590 δὲ
818 521 1025 609 μνησώμεθα
1049 521 1188 610 δόρπου.
1416 525 1456 591 40

292 629 347 695 καὶ
370 626 434 714 γάρ
458 627 486 694 τ’
512 624 659 715 ἠύκομος
680 629 792 716 Νιόβη
816 627 981 716 ἐμνήσατο
1005 637 1116 715 σίτου,

291 739 331 822 τῇ
354 761 415 822 περ
439 734 570 803 δώδεκα
592 739 708 816 παῖδες
730 734 781 804 ἐνὶ
805 737 999 824 μεγάροισιν
1023 735 1159 823 ὄλοντο,

292 844 326 922 ’ἐξ
349 841 410 928 μὲν
433 843 629 929 θυγατέρες,
654 845 687 923 ἓξ
711 839 741 910 δ’
767 845 854 924 υίέες
877 841 1050 930 ἡβώοντες.

290 947 369 1028 τοὺς
392 948 453 1035 μέν
474 947 644 1018 Ἀπόλλων
666 951 793 1036 πέφνεν
816 947 874 1018 ἄπ’
900 947 1079 1037 ἀργυρέοιο
1103 955 1193 1036 βιοῖο

291 1054 460 1143 χωόμενος
483 1055 610 1145 Νιόβη,
633 1055 691 1137 τὰς
714 1057 745 1123 δ’
760 1055 920 1144 Ἀρτεμις
937 1060 1124 1145 ίοχέίαιρα,

290 1161 401 1230 οὕνεκ’
427 1161 493 1249 ἄρα
516 1170 624 1250 Λητοῖ
644 1162 821 1231 ίισάσκετο
844 1163 1066 1255 καλλιπαρῄῳ.

289 1273 336 1356 φῆ
361 1268 442 1338 δοιώ
467 1272 605 1354 τεκέειν,
628 1267 650 1356 ἢ
675 1267 706 1337 δ’
733 1267 816 1357 αὕτη
840 1275 972 1356 γείνατο
996 1270 1154 1352 πολλούς·

289 1374 335 1444 τώ
360 1374 391 1442 δ’
418 1375 485 1464 ἄρα
506 1379 562 1444 καί
586 1376 668 1446 δοιώ
692 1401 753 1464 περ
777 1377 865 1446 ἐόντ’
891 1375 955 1445 ἀπὸ
978 1377 1105 1456 πάντας
1128 1376 1280 1446 ὄλεσσαν.

289 1487 325 1550 οἳ
345 1482 406 1568 μὲν
430 1480 484 1570 ἄρ’
510 1486 659 1570 ἐννῆμαρ
682 1481 770 1551 κέατ’
798 1485 834 1551 έν
858 1483 970 1574 φόνῳ,
995 1483 1079 1552 οὐδέ
1098 1511 1148 1565 τις
1170 1477 1231 1570 ἦεν

289 1588 474 1674 κατθάψαι,
497 1589 601 1668 λαοὺς
623 1588 661 1656 δὲ
684 1595 804 1669 λίθους
826 1595 943 1674 ποίησε
967 1595 1139 1677 Κρονίων·

287 1694 366 1775 τοὺς
389 1695 420 1763 δ’
448 1693 513 1782 άρα
535 1698 574 1783 τῇ
599 1693 719 1784 δεκάτη
741 1693 861 1778 θάψαν
884 1696 961 1764 θεοὶ
986 1693 1210 1785 Οὐρανίωνες.

289 1803 309 1888 ἣ
334 1801 365 1869 δ’
392 1801 457 1890 ἄρα
481 1807 576 1870 σίτου
598 1799 754 1889 μνήσατ’,
777 1801 847 1870 έπεὶ
869 1802 953 1889 κάμε
977 1802 1083 1890 δάκρυ
1106 1806 1259 1891 χέίουσα.

286 1915 337 1963 νῦν
357 1910 387 1962 δέ
405 1926 459 1962 που
479 1910 509 1962 ἐν
527 1910 669 1978 πέτρῃσιν,
689 1910 719 1962 ἐν
738 1911 844 1978 οὔρεσιν
863 1908 1042 1978 οἰοπόλοισιν,

286 2001 316 2052 ἐν
335 2000 456 2067 (ιπύλιμ,
476 2000 520 2052 ὅθι
539 2000 604 2064 φασί
623 1997 714 2052 θεάων
733 1999 846 2064 ἔμμεναι
865 1999 947 2052 εὐνάσ

284 2089 435 2155 νυμφάων,
455 2087 484 2140 αἵ
503 2089 528 2140 τ’
547 2088 617 2154 ἀμφ’
637 2087 792 2154 Ἀχελήσιον
811 2087 980 2154 ἐρρώσαντο,

284 2179 352 2232 ἔνθα
370 2177 444 2231 λίθοι
462 2193 514 2243 περ
533 2177 614 2230 ἐοῦσα
633 2179 705 2230 θεῶν
724 2177 755 2230 ἐκ
773 2177 859 2243 κήδεα
877 2179 971 2232 πέσσει.

284 2263 359 2334 ἀλλ’
385 2265 444 2351 άγε
468 2263 511 2351 δὴ
534 2266 590 2332 καὶ
613 2269 676 2333 νώι
699 2264 894 2352 μεδώμεθα,
918 2270 970 2333 δῖε
992 2268 1118 2353 γεραιέ,

284 2378 389 2440 σίτου.
434 2371 545 2441 ἔπειτά
567 2397 625 2439 κεν
649 2363 729 2439 αὖτε
751 2377 853 2458 φίλον
876 2375 979 2440 παῖδα
1001 2380 1181 2442 κλαίοισθα

285 2477 391 2546 Ἴλιον
415 2477 616 2565 εἰσαγαγών·
639 2477 889 2566 πολυδάκρυτος
912 2480 953 2547 δέ
972 2505 1024 2548 τοι
1047 2485 1170 2549 έσται.“

373 2575 410 2671 ἦ,
433 2585 489 2652 καὶ
512 2583 650 2666 άναΐξας
674 2583 728 2653 ι’)ἰν
751 2583 908 2673 ἄργυφον
930 2583 1018 2666 ώκὺς
1037 2584 1203 2674 Ἀχιλλεύς

283 2690 399 2778 σφάξ’·
424 2693 535 2778 ἕταροι
558 2689 590 2759 δ’
617 2691 735 2781 ἔδερόν
758 2719 792 2761 τε
815 2692 870 2760 καί
894 2689 1050 2779 ἄμφεπον
1071 2685 1111 2761 εὖ
1133 2694 1215 2761 κατὰ
1237 2694 1386 2784 κόσμον,

282 2797 464 2884 μίστυλλόν
487 2796 515 2865 τ’
542 2795 597 2885 ἄρ’
624 2801 860 2887 ἐπισταμένως,
883 2799 1003 2886 πεῖράν
1026 2797 1055 2867 τ’
1081 2797 1267 2886 ὀβελοῖσιν,

283 2903 441 2990 ώπτησάν
464 2931 498 2972 τε
521 2907 765 2994 περιφραδέως,
788 2906 976 2992 ίερύσαντό
999 2933 1034 2974 τε
1057 2904 1173 2977 πάντα.

283 3009 488 3098 Αὐτομέδων
512 3009 545 3079 δ’
572 3009 637 3098 ἄρα
661 3027 755 3081 σῖτον
778 3011 864 3082 ἑλών
887 3013 1036 3100 ἐπένειμε
1060 3013 1199 3102 τραπέζη
1405 3039 1456 3087 626

282 3125 395 3198 καλοῖς
419 3121 455 3186 έν
478 3119 662 3186 κανέοισιν·
685 3116 770 3209 ότδιρ
793 3119 873 3206 κρέα
895 3133 1009 3207 νεῖμεν
1029 3115 1205 3207 Ἀχιλλεύς,

282 3231 318 3292 οἳ
339 3222 371 3292 δ’
399 3222 448 3292 ἐπ’
476 3221 607 3292 ὀνείαθ’
634 3225 748 3313 ἑτοῖμα
771 3233 970 3313 προκείμενα
995 3239 1106 3314 χεῖρας
1129 3234 1255 3298 ίαλλον.

280 3330 386 3419 αὐτὰρ
411 3331 480 3400 έπεί
504 3330 622 3411 πόσιος
643 3334 699 3400 καὶ
723 3332 862 3420 έδητόος
885 3334 917 3414 ἐξ
941 3337 1020 3420 ἔρον
1044 3331 1134 3415 ἕντο,

279 3431 299 3525 ἦ
323 3465 374 3506 τοι
398 3441 617 3527 Δαρδανίδης
639 3446 793 3528 Πρίαμος
815 3437 960 3526 θαύμαζ’
984 3436 1132 3526 Ἀχιλῆα,

278 3541 379 3626 ὅσσος
402 3549 460 3630 ἔην
484 3537 555 3625 οἷός
577 3567 625 3614 τε·
647 3555 759 3614 θεοῖσι
782 3545 847 3635 γὰρ
870 3545 954 3614 άντα
976 3552 1134 3614 ίείοίκει·
1400 3571 1451 3620 636

278 3648 384 3738 αὐτὰρ
408 3647 426 3718 δ
452 3655 673 3740 Δαρδανίδην
696 3658 853 3739 Πρίαμον
875 3652 1048 3740 θαύμαζεν
1069 3651 1251 3740 Ἀχιλλεύς,

278 3757 443 3844 εἰσορόων
466 3755 547 3841 ὄψιν
569 3757 599 3826 τ’
626 3756 761 3845 ἀγαθὴν
783 3759 840 3827 καὶ
863 3763 977 3847 μῦθον
1000 3757 1144 3831 ἀκούων.

349 3961 398 4010 601
419 3955 453 4011 cf.
476 3959 501 4008 T
515 3961 565 4010 148
630 3961 735 4010 603—11
750 3981 783 4001 =
797 3975 815 4009 κ
829 3961 899 4010 0-0
964 3953 1030 4010 0100
1045 3981 1079 4002 =
1093 3962 1108 4011 λ
1123 3962 1175 4012 074
1236 3965 1289 4014 615
1303 3985 1337 4006 ==
1353 3965 1376 4014 B
1392 3967 1448 4016 783.

276 4039 291 4101 ζ
305 4042 338 4090 13
430 4041 481 4090 616
502 4036 536 4090 cf.
556 4035 621 4090 Ηοε.
641 4035 736 4105 theog.
755 4041 771 4090 8
862 4041 968 4090 6234
983 4061 1017 4081 ==
1030 4043 1053 4091 A
1066 4042 1172 4092 466-·6
1259 4043 1311 4094 624
1330 4039 1365 4096 οἱ
1386 4041 1448 4095 Hes.

274 4116 308 4170 fr.
328 4121 381 4170 234
453 4119 558 4170 625-ss
574 4141 607 4161 ==
624 4122 640 4168 I
652 4121 756 4170 2164
831 4120 937 4172 6274
952 4141 985 4162 =
1003 4123 1016 4169 l
1030 4121 1127 4172 91-2.

347 4298 398 4348 602
418 4295 508 4347 σίτοαι
527 4292 678 4362 δόρπονΟ
733 4298 785 4347 601
803 4313 845 4361 γρ.
865 4291 937 4356 υίείς
955 4294 1042 4349 schol.
1062 4297 1086 4348 A
1106 4325 1137 4336 -
1158 4291 1308 4369 ἡβώοντες
1326 4297 1404 4353 Euat.

276 4377 327 4426 608
348 4373 412 4429 fort.
433 4371 500 4427 δοιώ
519 4371 557 4428 st
577 4379 670 4427 τεκεῖν
743 4379 846 4428 614-’1
867 4374 1036 4428 damnarunt
1053 4373 1195 4444 Aristoph.
1215 4377 1262 4432 Ar.
1337 4383 1388 4432 616
1406 4399 1445 4446 γρ.

273 4447 428 4520 Ἀχελήσιον
447 4453 533 4506 schol.
554 4453 590 4508 V:
609 4474 651 4522 γρ.
669 4448 805 4522 Ἀχελήιον
824 4453 850 4506 A
879 4449 1021 4523 Ἀγελώιαν
1040 4455 1119 4509 codd.
1193 4461 1246 4511 630
1265 4453 1349 4530 έρόιιει
1368 4459 1444 4514 codd.
