3174 5090
293 375 359 440 592
731 313 740 332 ·
779 377 974 430 1A1AA022
999 431 1009 446 ‚

292 539 362 622 φήν
386 535 423 603 δέ
445 543 501 603 ίοι
525 539 572 615 είς
592 531 746 604 Ὀπόεντα
770 533 969 620 περικλυτόν
990 535 1068 602 νίὸν
1092 531 1231 614 ἀπάξειν
1433 537 1482 601 30
1580 515 1581 576 3

294 639 399 709 Ἴλιον
423 641 627 728 ἐκπέρσαντα
650 641 794 730 λαχόντα
816 667 851 710 τε
875 646 991 728 ληίδος
1013 637 1122 708 αἶσαν.

293 745 365 814 ἀλλ’
391 744 433 815 ού
456 745 541 828 Ζεύς
563 747 722 836 ἄνδρεσσι
746 749 897 837 νοήματα
920 748 1029 817 πάντα
1051 749 1197 832 τελευτᾷ·

293 850 392 940 ἄμφω
415 853 479 941 γὰρ
503 855 671 942 πέπρωται
695 853 816 942 ὁμοίην
838 870 939 943 γαῖαν
962 857 1096 942 ἐρεῦσαι

292 957 398 1028 αὐτοῦ
421 962 470 1028 ἐνί
498 967 616 1050 Τροίη,
640 964 709 1030 ἐπεὶ
733 961 807 1031 οὐδ’
833 963 890 1051 ἐμὲ
912 961 1121 1049 νοστήσαντα

278 1064 419 1147 ,δέξεται
442 1068 479 1134 ἐν
502 1067 676 1154 μεγάροισι
699 1069 809 1155 γέρων
832 1070 999 1156 ἱππηλάτα
1022 1064 1155 1152 Πηλεύς

292 1168 372 1241 οὐδὲ
395 1174 490 1252 Θέτις
512 1173 635 1262 μήτηρ,
658 1175 731 1245 ἀλλ’
757 1175 864 1246 αὐτοῦ
885 1190 965 1263 γαῖα
986 1173 1129 1255 καθέξει.

291 1284 356 1348 νῦν
379 1276 411 1348 δ’
437 1279 507 1348 ἐπεὶ
530 1273 609 1366 οὖν,
632 1282 823 1369 Πάτροκλε,
847 1287 906 1352 σεῦ
930 1281 1068 1369 ὕστερος
1091 1276 1156 1364 εἶμ’
1181 1275 1249 1346 ὑπό
1275 1292 1409 1364 γαῖαν,

293 1383 334 1454 οὔ
357 1406 394 1454 σε
417 1387 497 1473 πρὶν
519 1394 653 1477 κτεριῶ,
675 1397 755 1478 πρίν
777 1388 809 1478 γ’
827 1389 986 1478 ’Έκτορος
1008 1383 1126 1458 ἐνθάδ’
1152 1388 1280 1454 ἐνεῖκαι

291 1491 407 1579 τεύχεα
430 1492 486 1560 καὶ
508 1495 673 1583 κεφαλήν,
697 1500 896 1585 μεγαθύμου
919 1510 993 1566 σοῖο
1017 1498 1157 1583 φονῆος
1431 1511 1482 1559 εεσ

292 1596 422 1666 δώδεκα
446 1599 483 1667 δὲ
505 1602 716 1688 προπάροιθε
738 1607 846 1694 πυρῆς
867 1602 1162 1690 ἀποδειροτομήσω

295 1704 420 1794 Τριόιον
443 1703 551 1792 άγλαά
574 1707 688 1794 τέκνα,
713 1712 816 1782 σέθεν
838 1711 1015 1798 κταμένοιο
1039 1711 1210 1797 χολωθείς.

291 1814 399 1899 τόφρα
422 1812 459 1880 δέ
484 1840 540 1900 μοι
563 1816 652 1902 παρὰ
675 1821 776 1906 νηυσὶ
798 1825 959 1909 κορωνίσι
982 1823 1105 1886 κείσεαι
1129 1809 1253 1896 αὕτως,

294 1914 379 2005 ἀμφὶ
399 1918 437 1986 δὲ
459 1919 497 1987 σὲ
524 1924 635 2013 Τρῳαὶ
658 1926 713 1994 καὶ
737 1931 949 2015 Δαρδανίδες
970 1923 1183 2013 βαθύκολποι

291 2024 493 2093 κλαύσονται
516 2026 638 2109 νύκτας
659 2057 695 2100 τε
717 2037 772 2102 καὶ
796 2033 904 2120 ήματα
927 2033 1036 2120 δάκρυ
1059 2026 1231 2115 χέίονσαι,
1429 2045 1481 2092 340

291 2129 350 2210 τὰς
372 2126 468 2198 αύτολ
491 2134 689 2222 καμόμεσθα
711 2147 813 2229 βίηφί
831 2167 866 2210 τε
890 2145 992 2226 δουρί
1010 2163 1045 2204 τε
1068 2133 1197 2222 μακρῷ,

291 2241 419 2323 πιείρας
441 2236 606 2322 πέρθοντε
629 2249 726 2330 πόλις
748 2248 903 2335 μερόπων
926 2243 1150 2329 άνθράπων.“

381 2340 425 2422 δός
447 2339 571 2412 ίειπῶν
595 2340 763 2424 ἑτάροισιν
788 2335 936 2406 ἐκέκλετο
960 2339 1032 2414 δῖος
1053 2331 1217 2422 Ἀχιλλεύς

291 2448 377 2537 ἀμφὶ
400 2451 480 2534 πυρὶ
504 2452 621 2534 στῆσαι
644 2448 786 2534 τρίποδα
808 2443 931 2532 μέγαν,
956 2439 1046 2528 ὄφρα
1069 2449 1204 2534 τάχιστα

291 2559 488 2641 Πάτροκλον
511 2553 663 2624 λοέσειαν
686 2550 751 2620 άπο
773 2549 899 2638 βρότον
922 2552 1132 2637 αἱματόεντα.

291 2669 326 2732 οἳ
347 2663 384 2731 δὲ
407 2660 606 2750 λοετροχόον
630 2653 759 2747 τρίποδ’
785 2660 925 2724 ἵστασαν
948 2659 985 2726 έν
1008 2661 1089 2744 πυρὶ
1112 2660 1234 2750 κηλέῳ,

292 2772 328 2836 ἐν
352 2767 383 2836 δ’
410 2766 464 2857 ἄρ’
490 2766 584 2853 ὕδωρ
608 2772 739 2854 ἒχείον,
762 2758 827 2830 ὑπὸ
852 2761 889 2830 δέ
912 2761 994 2842 ξύλα
1017 2769 1116 2834 δαῖον
1140 2767 1280 2844 ἑλόντες.

291 2873 438 2963 γάστρην
461 2875 522 2962 μὲν
544 2874 703 2960 τρίποδος
724 2873 791 2958 πῦρ
814 2867 961 2955 άμφεπε,
984 2869 1128 2958 θέρμετο
1151 2869 1183 2940 δ’
1209 2870 1316 2958 ὕδωρ.

291 2979 396 3067 αὐτὰρ
421 2982 490 3049 ἐπεὶ
514 2980 555 3066 δή
581 2977 695 3062 ζέσσεν
717 2976 811 3064 ὕδωρ
835 2976 884 3046 ἐνί
907 2975 1009 3063 ήνοπι
1032 2984 1159 3071 χαλκῷ,

290 3089 345 3155 καὶ
368 3087 442 3156 τότε
466 3087 507 3174 δή
532 3085 655 3155 λόεσάν
678 3110 712 3152 τε
735 3085 790 3152 καὶ
814 3081 955 3170 ήλειψαν
977 3083 1046 3154 λίπ’
1072 3088 1187 3178 ἐλαίῳ,
1421 3109 1477 3157 εσυ

290 3195 327 3261 ἐν
351 3191 383 3261 δ’
409 3191 546 3273 ὠτειλάς
568 3196 699 3279 πλῆσαν
723 3187 901 3278 άλείφατος
924 3191 1114 3278 ἐννεώροιο.

290 3301 328 3367 έν
350 3299 495 3388 λεχέεσσι
519 3299 557 3368 δὲ
581 3298 698 3379 θέντες
720 3299 807 3388 ἑανῷ
832 3296 897 3363 λιτὶ
920 3297 1075 3377 κάλυψαν

291 3408 324 3486 ἐς
346 3407 453 3488 πόδας
476 3409 511 3474 ἐκ
533 3409 693 3492 κεφαλῆς,
716 3403 913 3490 καθύπερθε
937 3401 975 3470 δὲ
997 3403 1100 3491 φάρεϊ
1121 3409 1236 3496 λευκῷ.

377 3512 555 3600 παννύχιοι
579 3511 641 3599 μὲν
664 3516 775 3578 ἔπειτα
797 3508 903 3590 πόδας
926 3508 1031 3598 ταχὺν
1054 3507 1138 3597 ἀμφ’
1162 3509 1296 3598 Ἀχιλῆα

294 3618 510 3707 Μυρμιδόνες
534 3617 734 3705 Πάτροκλον
756 3614 1017 3704 ἀνεστενάχοντο
1040 3622 1192 3704 γοῶντες.
1415 3641 1469 3688 εστ

361 3795 428 3852 ³27¹)
492 3815 504 3850 ε
520 3803 554 3850 40
627 3795 694 3850 3314)
709 3821 742 3840 =
760 3798 787 3847 H
803 3800 852 3848 125
924 3798 1029 3848 336-’1
1046 3821 1079 3841 =
1096 3799 1126 3848 Ψ
1139 3800 1226 3849 02-3
1291 3801 1345 3850 339
1361 3821 1397 3842 --ι
1415 3803 1466 3850 133

289 3883 341 3932 340
356 3903 390 3923 =
404 3879 431 3930 Ω
446 3883 504 3930 745.
525 3881 540 3930 λ
557 3881 605 3929 183
686 3881 738 3930 344
754 3899 787 3919 =
802 3877 829 3926 X
841 3880 901 3930 443.
922 3876 953 3927 Ψ
965 3880 1008 3930 40.
1026 3879 1050 3928 0
1064 3881 1116 3929 434
1194 3880 1244 3928 345
1260 3901 1294 3920 =
1311 3879 1343 3929 Ψ
1355 3882 1391 3929 41

289 3961 395 4012 340-8
410 3982 443 4002 =
458 3959 481 4010 0
495 3961 599 4010 435-’1
683 3960 734 4009 343
750 3979 785 3998 =
799 3974 815 4008 κ
830 3959 882 4008 360
963 3952 1031 4008 3504)
1046 3980 1079 4002 =
1095 3977 1109 4008 τ
1123 3961 1175 4008 505
1249 3960 1301 4009 352
1317 3981 1351 4000 =
1367 3959 1400 4010 Ψ
1412 3963 1465 4011 254

289 4041 357 4091 354⁵
421 4039 513 4090 1147ss
586 4040 637 4088 355
654 4061 686 4080 =
702 4041 763 4088 315.

359 4219 411 4268 338
430 4233 471 4282 γρ.
491 4206 579 4274 οὕτως
596 4211 674 4267 Eunt.
739 4217 791 4266 342
810 4208 906 4274 πόλεις
924 4210 1029 4280 Aen&
1049 4213 1084 4268 cf.
1105 4213 1174 4281 proh
1194 4218 1209 4277 ἓ
1228 4217 1263 4266 86
1318 4219 1373 4268 345
1396 4213 1460 4268 λού-

289 4313 369 4350 σειαν
388 4294 467 4352 οοδδ.
531 4300 582 4349 347
603 4291 683 4363 ἔχειν
702 4293 790 4349 Cobet
809 4291 886 4348 misc.
906 4291 966 4347 crit.
985 4299 1051 4347 419:
1071 4290 1155 4361 ἔχεαν
1174 4292 1267 4347 Acus
1330 4299 1383 4348 ³49
1405 4289 1462 4348 ἐνλε

290 4369 336 4427 ἐπί
356 4373 376 4428 Ο
448 4381 501 4430 350
518 4375 623 4428 λοῦσαν
642 4373 720 4427 οοδδ.
802 4378 854 4428 351
874 4373 938 4428 sort.
958 4367 1087 4434 όατειλάς
1107 4403 1138 4412 -
1158 4372 1276 4426 sortasse
1297 4368 1461 4442 έκνεαιύρου

289 4452 335 4520 (cf.
354 4449 457 4523 ἄωρος)
477 4453 522 4509 hie
541 4457 571 4508 εδ
589 4474 605 4508 κ
626 4459 667 4509 19.
687 4459 738 4508 390
756 4451 959 4508 testimendum
978 4453 1016 4506 ait
