3280 5104
767 359 987 422 ..96-

293 541 439 584 summam
471 521 686 582 discordiarum
718 522 841 582 Achillis
873 531 903 582 et
931 523 1157 599 Agamemnonis
1190 520 1464 600 comprehenderet,

293 629 395 701 postea
423 619 533 698 proelia
561 621 650 698 primi
677 619 748 699 diei,
777 637 837 698 quo
864 619 957 696 magis
985 627 1015 679 et
1043 637 1097 679 suo
1125 619 1219 679 amori
1241 619 1354 698 patriae
1378 620 1463 678 satis·

293 720 404 779 laceret
436 727 465 776 et
499 735 600 777 auram
637 717 809 798 popularem
843 709 934 778 rebus
964 720 1108 778 maiorum
1137 715 1377 795 Graecorumque
1410 717 1464 776 du-

292 836 361 878 oum
402 815 556 877 illustratis
598 823 743 896 captaret,
785 814 969 895 splendidius
1006 817 1165 876 exornarit.
1220 814 1291 875 lude
1328 814 1467 894 equidem

293 915 392 976 nullus
424 913 541 995 dubito,
579 917 650 994 quin
683 914 742 976 duo
775 916 874 992 priora
907 931 1014 993 genera
1047 914 1212 974 carminum
1247 913 1270 972 Α
1304 921 1334 973 et
1365 911 1387 972 B
1419 912 1466 972 vel

293 1017 423 1074 carmina
446 1012 608 1072 maioribus
632 1013 740 1073 litteris
764 1015 855 1073 rectis
879 1020 997 1072 exarata
1022 1012 1118 1072 omnia
1143 1013 1194 1072 uni
1218 1011 1373 1089 eidemque
1396 1027 1466 1089 poe-

293 1121 339 1172 tae
372 1110 544 1171 debeantur.
590 1109 696 1171 Nescio
729 1118 828 1170 tamen
860 1127 897 1168 an
930 1111 1048 1170 tertiam
1080 1127 1199 1188 quoque
1227 1115 1340 1188 partem
1369 1107 1391 1168 C
1420 1108 1466 1168 vel

293 1210 423 1269 carmina
447 1206 608 1268 maioribus
632 1208 740 1268 litteris
763 1207 912 1268 inclinatis
935 1208 1083 1287 descripta
1107 1205 1142 1266 ad
1167 1206 1294 1266 eundem
1313 1213 1466 1267 auctorem

293 1306 406 1366 relerre
435 1304 530 1366 liceat.
571 1305 674 1384 Neque
697 1308 776 1366 enirn
799 1303 925 1366 multum
950 1322 1049 1366 moror
1073 1305 1188 1364 moenia
1212 1306 1374 1364 castrensia
1398 1312 1467 1383 post

293 1402 391 1463 addita
424 1410 454 1462 et
486 1401 587 1481 plures
616 1405 713 1464 socios
742 1421 808 1464 cum
837 1402 909 1464 aHos
937 1412 1000 1463 tum
1029 1401 1135 1481 Lycios
1162 1401 1371 1463 meridionales
1399 1411 1468 1480 post

294 1501 423 1560 adscitos
448 1517 544 1579 neque
569 1501 632 1560 lteri
652 1503 784 1580 potuisse
803 1503 944 1581 negarim,
960 1508 992 1561 ut
1006 1507 1092 1578 poeta
1107 1502 1351 1579 perspicuitatem
1366 1513 1471 1560 narra·

294 1599 384 1658 tionis
416 1599 500 1658 novis
532 1596 653 1676 proeliis
681 1601 759 1659 intra
787 1606 944 1677 angustum
973 1615 1134 1677 paucarum
1167 1597 1308 1658 horarum
1336 1600 1465 1677 spatium

293 1696 436 1755 coniectis
467 1697 531 1772 lpse
564 1695 704 1776 turbaril3
732 1697 894 1775 plurimum
927 1713 974 1755 me
1005 1703 1115 1777 moret,
1147 1696 1225 1774 quod
1259 1699 1349 1756 situm
1382 1695 1467 1756 urbis

293 1799 459 1853 castrorum
480 1791 652 1854 Scamandri
671 1793 802 1854 lluminis
821 1792 906 1855 aliter
924 1800 1012 1872 atque
1034 1803 1138 1854 auctor
1161 1793 1305 1854 librorum
1330 1795 1361 1854 E
1382 1801 1412 1854 et
1434 1792 1466 1852 A

293 1889 457 1950 delineasse
488 1890 608 1952 videtur
640 1901 744 1953 arrotor
775 1909 916 1954 versuum
944 1887 974 1960 a
999 1888 1190 1972 433-4353
1218 1891 1270 1952 sed
1299 1901 1387 1951 erunt
1415 1891 1467 1968 qni

292 1987 372 2048 lrunc
396 2005 515 2066 quoque
539 1989 713 2067 scrupulum
737 1987 959 2068 interpretando
983 1981 1034 2069 (ol.
1060 2007 1087 2068 p.
1111 1982 1170 2073 52)
1196 1989 1253 2049 sibi
1276 1997 1307 2048 et
1330 1989 1395 2048 aliis
1417 2005 1467 2047 ex-

292 2087 386 2145 imere
423 2085 590 2146 moliantur.
641 2086 750 2148 Verum
788 2096 822 2147 ut
859 2088 980 2148 tertium
1018 2103 1113 2163 genus
1150 2089 1313 2147 carminum
1351 2085 1468 2146 duobus

294 2181 445 2260 prioribus
479 2181 599 2262 adiungi
627 2202 714 2262 posse
743 2202 802 2245 non
830 2185 976 2262 negarim,
1008 2182 1156 2243 obstinate
1184 2192 1284 2244 tamen
1311 2181 1467 2242 defendam

294 2279 402 2340 librum
424 2281 445 2339 Ι
462 2278 499 2338 ab
523 2279 578 2339 alio
602 2289 688 2359 poeta
708 2291 801 2360 atque
823 2280 932 2342 librum
948 2279 993 2341 M
1003 2288 1033 2341 et
1051 2280 1173 2341 alteram
1193 2289 1307 2360 partem
1326 2282 1467 2341 carminis

295 2379 438 2439 tricesimi
458 2379 555 2456 quinti
574 2377 605 2438 Φ
620 2375 797 2440 238-525
817 2378 853 2438 ab
872 2379 928 2439 alio
948 2385 1037 2458 atque
1055 2380 1185 2456 priorem
1205 2379 1369 2457 composita
1387 2377 1468 2436 ideo-

294 2497 353 2557 que
377 2477 507 2538 carmina
531 2477 697 2538 minoribus
721 2477 829 2538 litteris
853 2478 963 2555 scripta
987 2494 1003 2535 a
1023 2476 1205 2537 carminibus
1223 2475 1331 2537 litteris
1350 2463 1467 2536 maiori-

294 2576 350 2636 bus
374 2575 501 2635 exaratis
525 2575 688 2654 separanda
712 2593 786 2635 esse.
833 2575 965 2652 Denique
989 2591 1075 2634 acres
1098 2573 1165 2634 lites
1193 2591 1252 2634 non
1277 2571 1413 2654 movebo,
1442 2576 1467 2634 si

295 2676 362 2752 quis
390 2670 549 2732 Iloloneam
577 2680 608 2732 et
640 2673 725 2734 ludos
754 2671 895 2733 lunebres
922 2671 959 2732 ab
987 2671 1092 2732 eodem
1116 2679 1216 2752 poeta,
1249 2673 1300 2750 qui
1328 2679 1467 2750 quartum

294 2787 388 2849 genus
412 2770 577 2828 carminum
600 2773 709 2851 panxit,
732 2770 882 2850 aliquanto
906 2771 1049 2848 temporis
1069 2770 1165 2847 spatio
1183 2770 1342 2829 interiecto
1362 2786 1466 2847 super-

295 2867 394 2927 addita
417 2883 483 2926 esse
508 2873 638 2927 statuere
662 2867 758 2929 malet.

383 2964 428 3024 ad
456 2971 622 3025 extremum
652 2964 707 3026 boc
731 2984 778 3026 me
802 2982 944 3026 excusare
968 2983 1021 3044 par
1045 2969 1103 3042 est,
1127 2961 1206 3042 quod
1231 2961 1352 3022 Homeri
1375 2972 1466 3024 totam

295 3061 415 3122 iliadem
439 3063 587 3142 inscripsi,
611 3062 680 3124 licet
703 3065 792 3123 unius
815 3071 920 3142 poetae
944 3080 1008 3122 cam
1032 3079 1107 3140 opus
1129 3079 1193 3120 esse
1213 3077 1327 3138 negem.
1365 3060 1467 3139 Neque

296 3161 352 3220 lroc
376 3175 483 3219 arcano
508 3158 635 3238 quodam
659 3159 784 3221 consilio
807 3159 877 3239 leci,
901 3160 952 3219 sed
977 3159 1055 3238 quod
1080 3166 1110 3218 el
1132 3158 1218 3237 plura
1242 3159 1360 3218 nomina
1384 3177 1467 3238 prae-

298 3259 388 3336 figere
421 3255 504 3316 nolui
536 3265 566 3315 et
594 3255 715 3317 Homeri
744 3257 831 3318 telam
855 3261 917 3318 orsi
944 3266 974 3318 et
1002 3256 1049 3317 illa
1078 3257 1264 3335 aliquatenus
1292 3255 1468 3316 deducentis

296 3357 428 3436 potiores
455 3361 556 3432 partes
580 3354 678 3416 iliadis
702 3355 823 3416 luerunt
846 3375 934 3435 quam
958 3354 1184 3415 Homeridarum
1208 3354 1341 3432 quamvis
1365 3353 1468 3415 callida

297 3461 361 3514 arto
385 3451 568 3531 praescripta
587 3451 763 3514 lineamenta
782 3454 1034 3533 persequentium.
1072 3451 1256 3530 Longissima
1276 3438 1345 3511 lero
1364 3451 1468 3512 absum

296 3571 311 3612 a
339 3565 479 3630 perversa
508 3549 647 3626 opinione
676 3569 792 3631 eorum,
820 3553 871 3630 qui
895 3549 1016 3610 Homeri
1044 3548 1180 3610 laudibus
1203 3548 1277 3608 adeo
1300 3547 1469 3628 detrahunt,

297 3659 330 3710 ut
357 3665 426 3709 eum
454 3646 574 3707 erilium
599 3648 785 3728 lucinianum,
810 3647 911 3726 quales
935 3665 1024 3726 supra
1047 3647 1067 3723 ἓ
1094 3645 1132 3709 17
1158 3647 1311 3726 recensui,
1334 3647 1471 3725 opificem

297 3749 388 3808 luisse
413 3751 543 3804 statuere
568 3763 627 3805 non
651 3744 829 3806 crubescant
852 3753 882 3806 et
906 3752 1024 3823 gentem
1049 3744 1093 3805 vel
1113 3751 1224 3804 sectam
1244 3741 1470 3806 Homeridarum

297 3851 496 3924 nuncupatam
525 3845 685 3921 opinentur
708 3861 767 3904 non
792 3862 807 3902 a
832 3843 931 3904 divino
955 3849 1034 3924 rate,
1063 3843 1114 3904 sed
1138 3842 1175 3902 ab
1199 3843 1299 3902 inlimo
1324 3843 1470 3904 versillae·

297 3954 375 4024 tore,
399 3943 451 4020 qui
474 3939 599 4002 aliorum
623 3943 753 4002 carmina
777 3940 912 4020 improbo
936 3939 1036 4002 labore
1060 3941 1317 4012 consarcinarerit.
1365 3939 1471 4011 Quam·

298 4060 385 4122 quam
423 4036 598 4120 Homerum,
635 4042 687 4119 qui
724 4038 814 4099 Chiae
851 4039 932 4116 genti
971 4036 1198 4099 Homeridarum
1235 4056 1342 4097 nomen
1380 4037 1471 4117 dedit,

298 4140 422 4201 alterum
456 4138 554 4214 potius
588 4157 676 4218 quam
707 4139 838 4217 priorem
871 4135 1067 4196 architectum
1100 4142 1216 4215 poetam
1247 4133 1346 4194 lliadis
1379 4135 1471 4194 luisse

298 4238 389 4317 duco,
417 4233 563 4312 siquidem
592 4237 793 4298 vetustissima
821 4235 950 4294 carmina
979 4227 1031 4315 (el.
1054 4233 1082 4294 B
1105 4229 1186 4312 460,
1214 4231 1243 4290 Ρ
1263 4227 1335 4292 301.
1362 4229 1471 4292 747-

299 4331 372 4412 ibt,
397 4337 426 4395 Τ
442 4329 632 4416 385—391)
656 4336 750 4396 civem
770 4331 964 4412 Smyrnaeum
983 4339 1013 4390 et
1032 4329 1157 4392 incolam
1177 4330 1261 4390 delae
1282 4331 1473 4410 continentis,

299 4449 402 4492 versus
429 4429 550 4492 '15227
576 4439 606 4492 et
629 4432 662 4492 Ω
687 4428 727 4492 13
751 4438 869 4510 poetam
893 4428 1062 4490 insulanum
1085 4437 1188 4507 aperte
1212 4427 1350 4506 produnt.
