3306 5070
283 356 349 420 224
772 357 924 409 ιλιλοου
942 359 964 408 Β

282 523 437 600 προβλῆτι
460 520 619 602 εκοπέλῳ·
650 518 710 583 τόν
733 517 762 583 δ’
785 519 824 584 οὔ
848 540 927 584 ποτε
951 521 1073 599 κύματα
1097 519 1197 584 λείπει

280 627 444 693 παντοίων
468 624 608 705 ἀνέμων,
632 625 680 690 ὅτ’
703 625 743 692 ἂν
766 625 832 692 ἔνθ’
854 629 873 707 ἢ
897 626 977 692 ἔνθα
998 630 1164 705 γένωνται.

281 733 452 800 ἀνετόντεε
476 732 505 796 δ’
527 732 662 813 ὀρέοντο
686 735 892 799 κεδαεθέντεε
916 736 995 799 κατὰ
1018 741 1110 814 νῆαε,

281 841 452 907 κόπνιεεάν
475 862 509 906 τε
533 841 613 905 κατὰ
636 841 764 921 κλιείαε,
788 842 839 906 καί
862 846 996 908 δεῖπνον
1019 845 1142 908 ἕλοντο.

281 947 380 1014 ἄλλο(
404 947 433 1012 δ’
455 947 544 1031 όίλλῳ
568 948 655 1028 ἔρεζε
680 952 765 1014 θεῶν
788 947 1026 1030 αἰειγενετάων,

282 1056 456 1135 εύχόμενοε
479 1054 620 1121 θάνατόν
642 1076 676 1120 τε
701 1061 818 1135 φυγεῖν
841 1058 892 1121 καὶ
915 1060 1025 1136 μῶλον
1048 1055 1172 1136 Ἄρηοε.

281 1163 382 1242 αὐτὰρ
405 1163 424 1228 ὃ
449 1166 527 1243 βούν
549 1163 669 1242 ἱέρευεε
693 1161 792 1227 ίὰναξ
816 1162 944 1242 ἀνδρῶν
968 1162 1174 1243 Ἀγαμέμνων

282 1271 380 1336 πίονα
404 1271 641 1349 πενταῖέτηρον
664 1268 832 1349 ὑπερμενέι
858 1272 1023 1352 Κρονίωνι,

282 1378 443 1457 κίκληεκεν
466 1378 501 1441 δὲ
525 1378 681 1455 γέροντα(
705 1375 852 1457 ἀριετῆοε
874 1379 1084 1459 Παναχαιῶν,

283 1485 426 1564 Νέετορα
449 1485 506 1566 μὲν
531 1485 691 1563 πρώτιετα
714 1484 764 1548 καὶ
788 1481 950 1566 Ἰδομενῆα
973 1487 1124 1566 ῖάνακτα,

281 1591 382 1671 αὐτὰρ
406 1589 505 1656 ἔπειτ’
527 1589 641 1657 Αἴαντε
665 1591 733 1655 δύω
757 1591 808 1656 καί
831 1592 952 1658 Τυδέοε
976 1593 1058 1673 υἱόν,

282 1700 375 1764 ἕκτον
398 1681 428 1763 δ’
451 1697 520 1763 αὖτ’
542 1697 679 1778 Ὀδυεῆα
703 1699 757 1762 Διί
781 1703 872 1779 μῆτιν
895 1697 1085 1766 ἀτάλαντον.

281 1806 459 1886 αύτόματοε
482 1808 518 1872 δέ
542 1811 590 1872 fol
613 1807 691 1886 ἦλθε
716 1808 795 1886 βοήν
818 1804 938 1884 ἀγαθός
963 1809 1142 1873 Μενέλαοε·

283 1913 383 1978 ῖείδεε
407 1914 469 1993 γὰρ
493 1913 572 1978 κατὰ
595 1913 696 1994 θυμόν
719 1910 883 1993 ἀδελφεὸν
906 1914 951 1978 ὡε
966 1916 1134 1982 ’ἐπονεῖτο

282 2025 360 2101 βοῦν
384 2021 419 2085 δέ
442 2019 631 2100 περίετηεάν
654 2041 689 2086 τε
713 2021 763 2085 καί
786 2021 966 2100 ούλοχύταε
989 2021 1154 2089 ἀνέλοντο.

283 2132 383 2193 τοῖειν
407 2126 436 2192 δ’
459 2127 635 2208 εύχόμενοε
658 2130 779 2208 μετέφη
803 2128 918 2208 κρείων
942 2127 1160 2209 Ἀγαμέμνων·

281 2287 298 2315 ,,
308 2237 374 2300 Ζεῦ
398 2236 520 2300 κύδιετε
543 2237 683 2320 μέγιετε,
706 2238 906 2316 κελαινεφέα,
931 2235 1030 2316 αἰθέρι
1054 2237 1165 2316 ναίων,

282 2345 322 2423 μὴ
346 2343 421 2423 πρὶν
444 2341 495 2409 ἐπ’
517 2343 627 2422 ἠέλιον
650 2346 742 2407 δύναι
765 2344 816 2406 καὶ
839 2344 892 2408 ἔπλ
915 2348 1036 2424 κνέφαε
1059 2345 1179 2420 ἐλθεῖν,

280 2451 357 2529 πρίν
380 2471 418 2530 με
442 2450 522 2515 κατὰ
544 2451 663 2530 πρηνέα
688 2450 814 2530 βαλέειν
837 2449 996 2530 Πριάμοιο
1019 2453 1180 2532 μέλαθρον

283 2557 447 2637 αἰθαλόεν,
471 2562 586 2640 πρῆεαι
610 2559 646 2622 δέ
669 2557 771 2637 πυρόε
794 2559 895 2622 δεῖοιο
918 2559 1067 2639 θύρετρα,

282 2663 449 2744 Ἑκτόρεον
473 2666 509 2728 δὲ
534 2668 654 2745 χιτῶνα
676 2665 750 2744 περὶ
773 2666 910 2744 ετήθεεα
934 2667 1038 2732 δαῖξαι

283 2775 391 2856 χαλκῷ
416 2773 615 2851 Γρωγαλέον·
648 2773 764 2837 πολέεε
788 2768 816 2834 δ’
839 2769 918 2851 ἀμφ’
941 2773 1040 2839 αὐτόν
1063 2771 1184 2851 ἑταῖροι

284 2878 422 2958 πρηνέεε
444 2879 481 2943 ἐν
504 2879 642 2964 κονίῃαν
666 2877 743 2946 ὀδὰξ
767 2877 918 2945 λαζοίατο
941 2883 1065 2957 γαῖαν.“

371 2984 416 3049 ὣς
439 2983 539 3064 ἔφατ’.
586 2984 655 3051 οὐδ’
678 2984 739 3066 ἄρα
763 2987 815 3051 πώ
840 2991 889 3052 fot
912 2987 1113 3066 ἐπεκραίαινε
1138 2985 1294 3065 Κρονίων,

282 3090 353 3156 ἀλλ’
376 3090 394 3156 ό
417 3075 455 3170 γε’
478 3095 571 3159 δέκτο
595 3096 654 3173 μὲν
676 3092 741 3174 ἱρά,
765 3093 869 3160 πόνον
892 3092 921 3158 δ’
946 3091 1126 3173 ἀμέγαρτον
1149 3091 1299 3172 ὄφελλεν.
1421 3139 1434 3153 .

284 3199 384 3278 αὐτὰρ
407 3199 478 3264 ἐπεί
501 3197 529 3279 ῥ’
553 3200 687 3266 εὔξαντο
711 3201 761 3265 καὶ
784 3201 964 3281 οὐλοχύτας
988 3199 1205 3280 προβάλοντο,

284 3307 441 3386 αύέρυεαν
465 3308 523 3386 μὲν
545 3311 659 3388 πρῶτα
682 3309 733 3372 καὶ
756 3307 898 3388 ἔεφαξαν
922 3309 972 3372 καί
995 3307 1135 3386 ἔδειραν,

285 3413 405 3493 μηρούε
428 3412 456 3477 τ’
479 3416 632 3495 ἐξέταμον
655 3415 735 3480 κατά
758 3436 793 3480 τε
816 3414 903 3499 κνίεῃ
926 3414 1092 3493 ἐκάλυψαν

283 3520 420 3599 δίπτυχα
443 3523 643 3602 ποιήεαντεε,
667 3521 717 3588 ἔπ’
741 3522 848 3587 αὐτῶν
872 3519 901 3586 δ’
923 3521 1136 3602 ὠμοθέτηεαν.

285 3627 335 3692 καὶ
359 3629 398 3693 τὰ
421 3629 480 3708 μὲν
503 3628 542 3708 ἂρ
568 3629 702 3712 εχίζῃαν
726 3628 916 3709 ἀφύλλοιειν
940 3630 1122 3704 κατέκαιον,
1403 3641 1454 3688 ατο

355 3783 460 3832 402-8
476 3802 509 3823 =
527 3781 555 3830 H
567 3782 673 3831 314-15
754 3782 807 3831 416
821 3801 855 3822 =
871 3779 963 3832 11841
1046 3781 1098 3829 419
1114 3799 1147 3820 =
1164 3779 1190 3828 Γ
1202 3781 1253 3829 302
1331 3778 1454 3827 421-24

285 3883 319 3904 ==
334 3863 355 3910 A
370 3863 502 3913 458-61.
821 3867 826 3876 ·

355 3987 406 4038 397
424 4002 467 4052 χρ.
486 3979 603 4051 γένηται
622 3979 708 4037 schol.
723 3982 748 4034 A
803 3987 855 4036 398
870 3975 1006 4042 οίστύιιτες
1020 3979 1090 4036 alios
1102 3980 1205 4050 legisse
1220 3977 1315 4048 arguit
1328 3976 1416 4032 schol.
1430 3976 1454 4030 A

283 4057 408 4130 ὁρόωντο
428 4061 447 4118 C
520 4068 571 4117 401
592 4081 622 4132 γε
645 4067 748 4130 φυγεῖν
768 4058 840 4116 κατὰ
860 4061 952 4131 μῶλον
970 4059 1099 4115 Meineke
1117 4058 1146 4114 in
1165 4059 1256 4114 Herm.
1279 4058 1318 4111 111
1336 4063 1388 4114 260

282 4148 336 4197 410
359 4144 529 4213 περίστησαν
551 4161 582 4198 τε
607 4141 719 4197 Bekker
741 4141 788 4195 hic
812 4144 841 4195 et
863 4147 948 4212 μθδθ
973 4141 1077 4196 collato
1105 4147 1130 4194 Δ
1151 4145 1215 4194 δθθι
1250 4135 1453 4208 περιστήσαντο

284 4222 363 4278 codd.
472 4228 525 4278 412
544 4243 585 4294 γρ.
607 4223 662 4278 Ζεῦ
682 4219 770 4290 πιίτερ
783 4217 899 4290 Ἴδηθεν
918 4211 1028 4292 μεθύων
1048 4224 1093 4296 (32
1111 4226 1137 4275 Γ
1149 4223 1211 4288 320)
1231 4219 1318 4276 schol.
1338 4222 1361 4275 A

283 4309 335 4359 415
353 4305 456 4374 πλῆσαι
474 4303 520 4360 Ar.
537 4335 570 4344 -
587 4306 679 4375 δηίοιο
694 4303 784 4372 codd„
804 4301 838 4357 cf.
857 4303 926 4372 prol.
946 4321 973 4373 p.
995 4307 1045 4356 112
1117 4306 1170 4356 419
1189 4298 1247 4364 πυίς
1266 4299 1337 4355 οοιιί.
1356 4297 1455 4354 Nauck

283 4389 336 4437 420
354 4381 526 4455 οίμέγαρτονι
545 4379 678 4440 ἀλίαστον
697 4383 743 4439 Ar.
817 4387 867 4436 421
889 4377 1044 4452 οὐλοχύτας
1063 4376 1200 4436 τίνίλοντο
1219 4381 1298 4438 codd.
1317 4380 1348 4434 in
1367 4386 1455 4435 A449

283 4467 336 4517 423
354 4465 434 4534 κνίση
454 4458 630 4535 (οὐδετέρας)
650 4467 695 4520 Ar.
