3280 5104
747 413 987 478 -132-

278 569 411 658 αὐίαχοι
431 571 484 659 (Ν
498 572 557 659 41)
575 569 680 656 ὔμμες
703 578 841 658 spiritum
864 573 960 635 lenem
985 593 1042 636 una
1066 594 1135 636 cum
1159 578 1255 655 prisca
1280 584 1309 636 et
1328 574 1449 635 ionibus

283 694 341 735 non
366 676 550 755 frequentata
575 675 667 734 lorma
692 692 728 733 ex
752 673 861 733 aeolica
885 675 1000 751 origine
1024 681 1150 753 repetas
1175 682 1208 733 ut
1230 691 1284 734 suo
1309 676 1373 733 iure
1392 675 1449 732 iam

279 771 466 834 Herodianus
494 773 529 833 ad
555 775 586 834 A
609 769 674 832 335
698 771 861 830 adnotavit:
889 761 1006 849 ὔμμες·
1031 761 1118 832 οὕτω
1142 763 1316 848 dolosior,
1340 761 1361 850 ἡ
1385 763 1450 850 γὰρ

277 865 363 944 λέξις
399 862 538 950 Adollam}
571 865 623 950 (cl.
656 866 746 928 schol.
780 867 833 928 Od.
865 864 885 927 d
917 861 990 950 94),
1022 869 1165 929 recedens
1200 868 1248 929 ille
1281 867 1399 948 quidem
1433 886 1449 926 a

277 967 465 1047 Tyrannione
489 969 680 1046 grammatico
702 956 807 1046 ὔμμες
829 966 1024 1044 praeferente.
1064 1017 1066 1022 ,

369 1065 401 1126 ln
426 1065 563 1126 omnibus
588 1082 657 1124 vero
683 1064 795 1140 lormis,
818 1065 848 1124 in
872 1063 981 1142 quibus
1006 1070 1120 1124 veteres
1144 1064 1351 1142 grammaticos
1369 1064 1451 1141 ipsos

278 1164 439 1224 dissedisse
463 1165 614 1240 novimus,
643 1163 707 1221 sine
736 1158 919 1220 dubitatione
948 1180 1023 1240 quae
1047 1164 1122 1221 ratio
1146 1161 1276 1238 postulat
1298 1159 1451 1238 amplexus

277 1279 352 1341 sum,
376 1260 456 1321 velut
890 1257 894 1266 ’

365 1348 510 1438 ἁθρόος,
548 1356 626 1436 quod
664 1359 770 1418 merito
804 1357 993 1418 Aristarchus
1030 1358 1166 1436 probavit
1198 1351 1249 1439 (el.
1283 1356 1376 1416 Lelrrs
1414 1357 1451 1415 de

277 1448 386 1516 Ανίαῖ.2
408 1474 436 1533 μ.
460 1452 523 1515 331
549 1463 579 1514 et
602 1454 756 1516 La-lloclre
781 1454 864 1516 Hom.
888 1455 1008 1516 Textlrr.
1032 1474 1059 1534 p.
1088 1447 1180 1538 180),

368 1545 561 1632 ἑσπόμενος,
586 1553 664 1631 quod
690 1571 725 1612 ex
750 1545 971 1632 σεσεπόμενος
993 1560 1092 1613 ortum
1117 1571 1183 1612 esse
1206 1560 1300 1632 patet,

368 1645 474 1729 εἵατο,
501 1651 579 1730 qarod
604 1669 640 1710 ex
664 1641 746 1729 ἥατο
770 1649 918 1710 dellexum
941 1669 1009 1710 cum
1033 1634 1125 1730 ἧμαι·
1139 1651 1298 1710 cohaerere
1323 1650 1451 1709 Aristar-

281 1748 370 1809 chum
395 1749 505 1826 fugisse
529 1749 637 1808 merito
660 1749 807 1808 mirantur
830 1741 882 1830 (cl.
903 1745 1001 1808 Lehrs
1025 1747 1042 1808 l.
1068 1742 1112 1828 i),

369 1837 531 1925 ἄρσαντες
552 1848 582 1906 Α
608 1842 669 1906 136
693 1854 723 1906 et
746 1837 854 1926 άρθεν
874 1847 909 1905 Π
930 1844 1010 1928 211,
1034 1865 1109 1926 quae
1132 1846 1169 1906 ab
1192 1837 1263 1926 άρω
1288 1848 1349 1906 sive
1374 1837 1451 1924 άρα-

281 1944 384 2026 ρίσκω
409 1944 590 2005 descendere
614 1952 718 2005 contra
737 1943 939 2004 Aristarchtun
960 1946 1083 2022 eliasque
1103 1942 1244 2003 asseclam
1264 1942 1451 2020 Apollonium

280 2041 449 2120 Sophistam
474 2042 659 2102 llerodianus
683 2041 758 2102 bene
783 2043 898 2102 monuit
922 2037 972 2122 (el.
996 2041 1090 2101 Lehrs
1114 2039 1131 2099 l.
1155 2035 1198 2120 l‚),

368 2131 482 2218 ἑάφθη
507 2140 542 2199 Ν
560 2136 625 2200 543
650 2147 679 2199 et
698 2135 818 2217 5419,
842 2139 920 2217 quod
945 2158 1011 2198 eum
1036 2157 1072 2198 ex
1097 2129 1230 2216 ἐσάφθη
1255 2136 1391 2196 similiter
1410 2145 1451 2197 at·

279 2254 337 2316 que
356 2226 451 2315 ἡμεῖς
470 2255 505 2294 ex
525 2254 630 2316 asmes,
649 2225 830 2315 ἁμαρτάνω
846 2227 1098 2316 eademeadem
1114 2244 1292 2295 ortumesse
1309 2235 1452 2314 videatur,

279 2336 417 2413 spiritum
445 2351 583 2412 asperam
612 2351 647 2394 ex
676 2331 774 2393 littera
799 2331 935 2393 sibilante
959 2342 1147 2411 procreatum
1172 2335 1202 2392 in
1227 2332 1309 2392 verbi
1332 2333 1451 2392 initium

279 2427 444 2512 retraxit¹),

369 2522 517 2610 ὄρπηκας
557 2530 587 2590 Φ
624 2527 681 2602 38,
718 2530 804 2588 cuius
836 2527 895 2588 leni
932 2531 1050 2608 spiritui
1081 2530 1238 2608 paradosin
1271 2530 1452 2607 patrocinari

281 2627 450 2688 Herodiano
474 2626 487 2686 l
511 2624 575 2688 538
600 2627 645 2687 ed.
669 2626 760 2686 Lenta
784 2625 946 2706 oredimus,

368 2716 499 2804 ἀμάρης
525 2725 557 2786 Φ
580 2720 659 2804 259,
687 2723 766 2802 quod
790 2743 823 2783 ex
849 2723 1023 2804 etymologia
1047 2724 1197 2804 aliquanto
1220 2725 1287 2804 plus
1311 2725 1452 2803 praesidii

279 2821 388 2882 habere
418 2839 506 2900 quam
531 2821 686 2882 lectionem
711 2822 815 2899 optimi
838 2821 949 2882 codicis
973 2821 1043 2883 Ven.
1067 2824 1099 2882 A
1122 2813 1251 2902 ἁμάρης
1273 2822 1305 2883 G.
1330 2821 1453 2882 Curtius

279 2918 408 2979 Grundz.
433 2919 460 2979 d.
484 2937 526 2997 gr.
551 2912 666 2998 Εῑηαι.5
688 2937 716 2998 p.
741 2915 805 2978 323
829 2917 939 2980 docuit.

369 3012 502 3095 ἑῆοςε
518 3016 587 3077 boui
618 3024 649 3076 ot
676 3009 808 3095 edog=
824 3018 872 3076 sui
901 3017 929 3076 in
958 3016 1111 3078 codicibus
1138 3027 1255 3080 exarata
1284 3027 1367 3099 sunt3
1397 3037 1452 3078 nos

280 3117 500 3177 distinctionem
533 3118 620 3176 istam
649 3133 664 3174 a
693 3113 852 3174 subtilibus
880 3109 1078 3193 grammaticis
1107 3119 1314 3198 excogitatam,
1348 3135 1406 3176 non
1435 3135 1452 3176 a

279 3223 365 3293 poeta
389 3216 453 3292 ipso
477 3213 639 3292 prolectam
663 3230 728 3272 esse
751 3215 817 3284 rati,
842 3211 953 3290 ubique
977 3214 1113 3294 eundern,
1139 3234 1198 3294 quo
1222 3207 1277 3287 ἑύς
1301 3213 1452 3294 scribitur,

279 3313 417 3389 spiritura
442 3310 640 3372 revocandum
664 3311 841 3370 curavimus.
880 3311 1167 3374 Discriminationem
1191 3331 1260 3372 vero
1290 3312 1451 3372 formarum

279 3399 388 3480 αὕτως
406 3434 448 3456 =
469 3398 574 3481 οὕτως
600 3415 631 3468 et
658 3399 765 3480 αὔτως
779 3435 821 3456 =
837 3400 945 3487 μάτην
976 3404 1026 3488 (cl.
1055 3409 1214 3470 Buttmann
1243 3408 1333 3470 Lexil.
1357 3409 1370 3468 l
1393 3404 1451 3490 37)

280 3507 475 3586 servavimus,
503 3505 573 3566 licet
595 3504 730 3564 dubitare
754 3507 864 3585 possis,
892 3523 990 3566 annon
1014 3507 1086 3568 haec
1111 3525 1229 3586 quoque
1253 3510 1452 3585 grammaticis

280 3603 424 3664 debeatur
447 3597 498 3684 (el.
512 3603 633 3676 ,Linder
656 3605 685 3662 in
709 3601 812 3662 Philol.
836 3601 889 3662 llll
913 3599 1001 3683 388).

370 3701 402 3761 ln
435 3701 536 3762 multis
568 3701 633 3761 aliis
666 3698 816 3760 vocabulis
848 3703 940 3782 rixas,
978 3701 1086 3779 quibus
1119 3704 1301 3781 grammatici
1335 3711 1450 3764 veteres

281 3819 346 3860 seso
371 3799 579 3880 dilacerabant,
602 3800 741 3859 restituto
765 3799 920 3878 digammo,
946 3807 977 3859 ut
1000 3793 1096 3878 άὲτης
1112 3794 1231 3881 άὲρξας
1247 3795 1357 3880 feodos
1375 3796 1451 3862 ἰέν-

279 3918 361 3977 νυμι
388 3891 527 3978 άαραιός
554 3895 658 3977 isidor
684 3890 786 3976 finon
815 3895 977 3976 faloam,
1006 3905 1065 3958 tam
1089 3897 1264 3976 simpliciter
1289 3901 1452 3978 composui,

281 4003 316 4055 ut
348 3995 391 4054 vel
420 3996 591 4055 memoriam
620 3994 810 4056 dissidiorum
838 3997 1097 4073 grammaticorum
1126 3998 1306 4057 resuscitare
1333 3995 1452 4074 prrdeat.

288 4120 293 4125 .
307 4117 391 4125 --.-.-
414 4119 493 4126 --—--

371 4177 397 4243 1)
416 4173 517 4230 Densis
537 4193 603 4230 sane
621 4174 744 4230 tenebris
763 4175 936 4246 etymologia
953 4174 1032 4232 verbi
1051 4170 1150 4245 ἑάφθη
1167 4175 1296 4232 involutas
1310 4178 1362 4242 est,
1381 4193 1452 4244 quas

281 4271 371 4324 neque
391 4253 423 4310 G.
443 4254 538 4309 Curtio
561 4257 590 4311 in
614 4256 849 4310 commentatione
875 4257 909 4309 de
927 4255 1018 4311 forma
1038 4251 1136 4325 ἑάφθη
1155 4273 1245 4326 neque
1264 4256 1403 4310 Froehdio
1422 4256 1452 4310 in

281 4335 358 4390 Besa.
382 4333 466 4389 Beitr.
491 4333 583 4390 11124
606 4337 691 4406 plane
709 4337 848 4392 discutere
867 4336 1000 4406 contigit;
1019 4336 1069 4390 sed
1087 4353 1176 4405 neque
1195 4335 1346 4391 Homerum
1366 4336 1451 4391 Grae-

281 4431 363 4470 cosve
393 4411 492 4484 ἑάφθη
520 4432 537 4469 a
566 4416 706 4485 praesenti
733 4410 813 4470 ἅπαν
842 4415 1009 4470 disiunxisse
1032 4431 1122 4486 neque
1145 4434 1197 4471 nos
1222 4418 1254 4470 ut
1276 4415 1452 4482 dirimamus,

281 4495 486 4564 significatione
506 4495 610 4550 formae
629 4495 793 4550 Homericae
812 4495 876 4564 cogi
895 4495 1041 4551 contendo.
