3280 5104
674 351 913 416 -167-

203 521 240 583 Ν
262 519 335 584 124.
359 523 389 582 Ρ
407 521 461 604 44,
483 515 649 604 ἄίρηκτος
672 521 708 582 Ν
724 521 798 584 360.
821 519 852 593 Ξ
872 521 924 586 56.
947 523 999 587 68.
1025 523 1123 588 020.
1150 527 1182 588 Φ
1199 525 1275 602 447,
1297 520 1375 590 ἀνα-

201 613 325 702 ίρήξας
348 621 387 682 Η
404 619 480 684 461.
504 621 539 682 Σ
559 617 634 682 582.
660 622 690 680 Y
710 617 762 682 63.

289 717 430 780 Ceterum
444 722 553 780 intacta
569 718 677 799 reliqui
695 720 726 778 iu
740 722 955 782 recentissimis
969 721 1151 784 carminibus
1166 715 1331 803 ἄρρηκτος
1345 731 1377 784 et

199 806 358 899 ἀπορρώξ
381 825 411 878 et
430 815 578 898 ἔρριψεν,
602 835 700 897 neque
719 811 772 880 ἐπὶ
791 811 828 879 dl
847 814 940 899 ῥίζαν
964 821 995 880 Λ
1015 817 1079 882 846
1098 820 1246 900 digammo
1265 839 1374 901 augere

200 933 292 976 aursus
315 933 391 998 sum,
415 917 484 995 quia
507 916 538 975 in
562 933 650 976 versu
675 937 687 976 ι
711 913 777 976 390
795 915 1029 996 σφαραγεῦντο
1048 912 1089 978 δέ
1107 919 1164 980 foa
1187 912 1269 999 nuel
1287 915 1374 1000 ῥίζαι

200 1032 309 1074 nomeu
329 1009 401 1094 ῥίζα
425 1013 572 1094 digammo
596 1031 697 1074 carere
721 1021 809 1092 patet.

288 1111 309 1188 ἕ
342 1109 416 1174 101.
460 1112 595 1191 Denique
623 1110 734 1172 dentali
761 1109 866 1172 initiali
895 1110 1106 1174 vocabulorum
1134 1107 1232 1186 dfs'og
1261 1110 1374 1175 dietas

199 1203 334 1281 δίεινός
357 1207 492 1289 aesopus
515 1204 601 1288 δίήν
624 1201 803 1291 θεοδίήςῑ)
827 1209 972 1289 digamma
995 1210 1064 1271 olim
1089 1203 1256 1272 subiectum
1281 1213 1373 1272 luisse

198 1307 332 1368 metricis
355 1307 474 1368 indiciis
498 1316 528 1368 et
552 1306 727 1386 etymologia
750 1307 801 1368 diu
825 1311 976 1386 cognitum
1006 1317 1036 1368 et
1058 1307 1145 1369 titulo
1168 1312 1249 1390 cippi
1272 1311 1373 1372 Corin-

200 1403 289 1464 thiaci
317 1403 490 1464 ΔίΕΝΙΑ
519 1397 561 1486 (v.
584 1403 705 1464 Curtius
734 1404 818 1465 Stud.
842 1405 905 1466 Vlli
932 1403 1013 1488 465)
1042 1425 1138 1485 nuper
1165 1409 1373 1470 confirmatum

198 1511 252 1562 est
303 1500 433 1561 Homero
461 1507 561 1562 autem
590 1498 735 1578 digamma
761 1501 870 1564 horum
898 1502 1109 1565 vocabulorum
1141 1505 1267 1567 reddere
1294 1506 1373 1568 haud

107 1671 113 1678 ι
198 1607 356 1661 cunctatus
385 1617 466 1680 sum,
499 1601 567 1679 quia
601 1606 636 1660 ut
668 1617 755 1680 saepe
788 1607 856 1660 ante
883 1603 1040 1663 continuas
1067 1601 1196 1684 litteras,
1227 1605 1315 1666 etiam
1348 1605 1373 1666 si

197 1697 295 1758 nullae
325 1705 426 1776 partes
454 1695 594 1775 digammi
620 1706 718 1780 eraut,
750 1699 791 1759 ita
824 1715 985 1777 numquam
1008 1719 1102 1780 paene
1130 1709 1197 1762 ante
1230 1702 1372 1763 durantes

198 1804 406 1874 praeterquam
430 1795 548 1856 illorum
573 1798 726 1858 nominum
749 1796 879 1858 vocalem
900 1797 1021 1860 brevem
1038 1800 1205 1879 producere
1224 1799 1372 1860 Homerus

196 1895 360 1954 consuevit.
397 1892 489 1954 Pauci
512 1900 612 1953 antem
631 1911 667 1954 ex
686 1896 852 1955 innumeris
870 1895 937 1977 loci,
961 1897 1070 1976 quibus
1088 1897 1233 1975 digamma
1252 1895 1371 1957 illorum
1414 1945 1415 1950 ,

197 1991 407 2054 vocabulorum
438 1990 607 2069 neglectum
639 2009 705 2054 esse
737 1993 856 2054 ridetur
887 1989 931 2076 (Θ
964 1992 1037 2056 133.
1072 1995 1100 2054 0
1128 1990 1202 2055 626.
1233 1993 1272 2054 Η
1300 1991 1371 2056 117.

197 2090 234 2150 N
251 2087 325 2150 163.
343 2087 417 2151 278.
435 2088 457 2168 β
476 2087 528 2150 66.
552 2109 575 2168 μ
593 2086 668 2152 203.
692 2111 718 2152 m
738 2087 827 2171 534),
851 2091 956 2154 dubito
975 2111 1011 2152 an
1031 2089 1077 2152 vel
1096 2091 1253 2152 audaciore
1272 2107 1370 2150 emen-

197 2185 315 2247 datione
345 2205 414 2247 cum
440 2186 564 2266 reliquis
590 2185 775 2248 conciliandi·
793 2189 862 2249 sint.
899 2187 981 2248 idem
1007 2195 1107 2249 umen
1126 2206 1222 2268 neque
1242 2180 1370 2268 diquv

197 2303 293 2364 neque
317 2277 450 2358 δίειλός
472 2302 570 2364 neque
594 2281 726 2346 δίείὸια
754 2281 926 2346 disideras
954 2279 1110 2369 deatum)
1138 2282 1370 2364 δίειδίσσομαι

197 2376 403 2463 δίείόήμων,
432 2382 502 2444 licet
529 2382 566 2443 de
594 2382 698 2444 eadem
729 2383 823 2462 stirpe
846 2391 989 2464 prognata
1013 2386 1086 2464 sint,
1119 2383 1251 2444 scribere
1278 2401 1370 2444 ausus

196 2499 271 2563 suut⁷
294 2499 332 2544 ne
355 2482 435 2543 iusto
457 2481 559 2560 plures
583 2479 664 2542 locos
687 2479 846 2541 violentius
869 2487 984 2542 tentare
1008 2499 1141 2561 cogerer.

586 2684 636 2740 De
658 2682 773 2740 medlo
795 2682 978 2753 digammo.

284 2803 304 2880 ξ
331 2799 402 2864 101.
450 2801 538 2863 Medii
568 2802 710 2880 digammi
745 2803 896 2863 restitutio
932 2802 1019 2882 longe
1056 2803 1246 2882 gravissimos
1284 2800 1370 2862 nobis

196 2903 297 2962 iniecit
322 2900 494 2981 scrupulos,
524 2919 582 2961 non
607 2899 686 2979 quod
711 2899 884 2962 Homeridas
908 2919 943 2961 eo
967 2919 1038 2962 ursos
1063 2919 1128 2962 esse
1152 2917 1293 2980 umquam
1316 2899 1369 2960 du·

195 2999 362 3080 ditavimus,
385 2999 437 3059 sed
462 2998 541 3078 quod
564 2999 699 3059 metricis
721 2998 848 3078 indiciis,
872 3018 947 3079 quac
971 3001 1002 3060 in
1027 2998 1133 3060 initiali
1151 2998 1298 3077 digammo
1323 3015 1369 3056 re·

195 3096 346 3168 stituendo
369 3099 446 3157 viam
470 3097 649 3156 tutissimam
671 3103 889 3176 monstrarunt,
917 3097 966 3156 hic
995 3098 1056 3158 iere
1085 3113 1209 3176 prorsus
1233 3094 1370 3155 destituti

194 3214 307 3257 sumus.
349 3193 403 3255 iiis
426 3202 525 3254 autem
549 3211 584 3254 eo
608 3196 726 3272 aegrius
750 3210 894 3275 caremus,
918 3211 977 3272 quo
996 3195 1090 3272 magis
1113 3195 1170 3253 viri
1188 3192 1277 3274 docti,
1296 3211 1368 3253 num

193 3294 341 3374 digamma
369 3291 453 3353 aliam
478 3293 536 3350 rim
565 3309 653 3370 quam
680 3309 756 3371 quae
789 3301 884 3352 metro
915 3291 1065 3351 iniciendo
1093 3293 1219 3351 serviret
1246 3291 1370 3352 Homeri

194 3388 380 3470 temporibus
408 3391 589 3470 exercuerit,
620 3387 703 3449 valde
732 3391 810 3450 inter
837 3405 869 3448 se
897 3387 1051 3449 dissident.
1098 3387 1133 3450 ln
1160 3389 1207 3450 his
1235 3389 1368 3450 tenebris

194 3489 273 3550 solae
298 3487 386 3548 nobis
409 3487 502 3548 lacem
530 3488 705 3566 praeierunt
733 3504 800 3547 cum
832 3487 964 3565 origines
996 3484 1157 3546 verborum
1189 3495 1253 3548 tum
1285 3489 1367 3548 testi·

194 3589 292 3648 monia
316 3585 456 3666 lapidum.
497 3585 593 3664 Atque
616 3587 648 3644 in
672 3583 767 3645 titulis
790 3583 920 3665 quidem,
942 3592 977 3645 ut
995 3582 1124 3646 Tudeeri
1147 3585 1276 3646 iudicem
1295 3585 1367 3645 locis

194 3705 253 3746 non
273 3684 431 3764 adscriptis
454 3701 620 3762 excerpam,
643 3683 716 3743 haec
740 3683 849 3760 scripta
873 3690 944 3744 sunt
966 3683 1111 3763 digamma
1135 3681 1244 3743 media:
1267 3673 1366 3742 αὐλα-

192 3777 299 3856 evada
329 3773 562 3862 xmapaavddg
588 3772 790 3861 κωμαίυὸός
816 3772 1012 3861 ὁαψαίυδός
1038 3771 1246 3859 τραγαίυδὸς
1274 3771 1366 3858 iriq-

193 3879 358 3961 ληθίωντι
390 3870 521 3940 deceta
556 3870 740 3961 ἐίργάσατο
773 3876 881 3958 dipsis
908 3871 1128 3958 κατείέρξοδυ
1156 3866 1367 3956 adaequatae

208 3993 407 4004 .....---·----

269 4036 296 4104 1)
316 4032 374 4100 Sic,
402 4050 459 4088 non
485 4029 613 4102 θεουδής
648 4031 826 4088 scribendum
854 4049 916 4088 esse
943 4029 1040 4086 docuit
1067 4027 1208 4084 l'riiasohe
1235 4027 1264 4082 in
1290 4027 1364 4084 Curi.

192 4111 471 4261 Stad'mveltllllorsqulisi
490 4191 564 4262 apud
579 4189 730 4246 Homerum
750 4194 779 4246 et
796 4191 826 4246 in
845 4189 926 4246 initio
945 4205 1039 4248 versus
1052 4204 1109 4243 non
1122 4187 1238 4258 legitur3
1258 4187 1366 4245 duobus

192 4275 262 4330 iocis
281 4276 309 4333 Ξ
326 4279 360 4328 tt
379 4275 410 4328 et
427 4291 440 4327 ε
460 4277 513 4327 tre
533 4269 612 4327 veria
630 4271 715 4328 lectio
734 4273 828 4328 δείδια
845 4269 952 4325 tradite.
970 4271 1020 4338 est,
1049 4284 1133 4336 quom
1152 4266 1209 4335 elii,
1228 4270 1261 4322 ut
1278 4265 1366 4324 (lobe-

193 4357 252 4423 ωε,
272 4353 403 4410 omnibus
425 4351 495 4408 locis
518 4367 578 4406 esse
597 4351 809 4420 resumendam,
836 4350 887 4406 elii
913 4350 943 4404 in
969 4349 1070 4404 delion
1097 4346 1306 4420 corrigendam,
1334 4351 1366 4406 ul

193 4433 316 4492 Mshlorr
334 4433 369 4490 K.
389 4432 417 4486 Z.
436 4429 527 4490 XXIV
547 4437 614 4502 tet,
631 4432 764 4490 audacter
781 4431 957 4488 censuerunt.
