3276 5090
654 414 875 477 ...11-

179 575 278 636 llinus
306 579 408 636 curavi
437 579 613 638 sententiam
637 575 830 656 Lachmanni,
858 575 1006 636 Retracbt.
1031 593 1058 652 p.
1082 571 1139 652 28,
1162 573 1352 654 Πρεσβείαν

178 675 241 733 sire
270 673 379 735 librum
409 693 520 736 nonum
549 677 606 735 iam
635 692 762 734 aversa
791 673 821 734 Θ
844 671 909 735 489
934 674 1064 734 exordiri
1087 673 1223 734 dicentis.
1270 671 1353 733 Licet

179 773 259 832 enim
283 772 339 832 hoc
364 774 428 834 loco
451 792 501 834 res
524 782 591 853 post
614 772 726 834 cladem
746 773 923 833 Achivorum
948 781 1047 851 gestae
1072 774 1186 832 narrari
1210 773 1354 848 incipiant

179 877 209 928 et
234 872 302 930 nori
325 873 465 932 carminis
489 873 606 932 initium
630 889 689 930 non
713 872 812 949 inepte
837 873 927 934 statui
950 873 1052 951 possit,
1076 879 1257 930 tamennon
1282 870 1353 928 satis

178 985 286 1028 cauom
310 987 375 1029 esse
399 969 471 1029 mihi
496 969 621 1047 videtur,
645 986 699 1029 cur
722 967 897 1030 divisionem
914 968 1076 1050 librorum,
1099 965 1195 1048 qualis
1219 969 1248 1026 in
1273 966 1352 1027 codi-

179 1065 267 1126 cibus
291 1067 398 1127 tradita
423 1075 478 1148 est,
502 1067 674 1128 deseramus
698 1073 785 1145 atque
809 1074 966 1127 mutemus.

269 1163 402 1244 lienique
426 1165 558 1244 ambigui
581 1172 651 1225 sunt
674 1165 748 1224 fines
773 1163 916 1225 librorum
940 1168 1037 1245 quinti
1061 1173 1091 1224 et
1114 1167 1199 1243 sexti,
1223 1167 1299 1224 sexti
1323 1173 1353 1224 et

177 1265 311 1342 septimi,
340 1271 372 1323 ut
402 1281 505 1324 versus
535 1264 561 1323 Z
589 1261 673 1323 1-4
701 1270 731 1322 et
755 1261 793 1321 H
815 1259 897 1322 1-7
927 1280 987 1323 non
1011 1265 1105 1341 magis
1129 1264 1266 1342 sequenti
1290 1281 1352 1322 ear·

178 1362 251 1420 mini
284 1363 474 1440 praemittere
508 1379 596 1441 quam
629 1359 816 1421 antecedenti
849 1361 985 1422 subicere
1015 1365 1120 1439 possis.
1167 1359 1226 1420 Nos
1254 1379 1309 1422 cnr
1337 1379 1352 1419 a

181 1457 291 1519 tradito
320 1460 424 1519 ordine
453 1462 618 1520 carminum
642 1459 947 1539 discedentes-priori
974 1462 1098 1521 carmini
1127 1477 1178 1519 eos
1205 1457 1354 1519 addendos

177 1574 362 1629 censeamus
385 1559 489 1636 paucis
513 1557 706 1618 declaremus.
744 1559 838 1637 Atque
863 1560 982 1636 septimi
1005 1556 1126 1636 quidem
1146 1556 1215 1616 libri
1235 1575 1352 1617 versum

177 1657 308 1732 primum
328 1645 373 1727 aig
391 1647 516 1716 fecndw
536 1649 688 1729 ἐξέσσυτο
708 1647 1001 1735 φαίδιμοςἝκτωρ
1016 1655 1052 1715 ab
1068 1657 1200 1715 oratione
1215 1654 1352 1715 Hectoris

178 1751 278 1813 divelli
302 1770 389 1831 aegre
415 1754 538 1814 ierimus
562 1761 592 1813 et
616 1753 720 1814 similis
744 1754 858 1814 exordii
881 1752 1048 1832 exemplum
1073 1753 1181 1812 frustra
1208 1755 1353 1832 quaesiui·

177 1868 259 1930 mus,
282 1852 393 1928 optime
417 1859 515 1911 autem
539 1859 570 1912 et
592 1870 716 1930 prorsus
740 1871 774 1911 ex
795 1851 916 1911 Homeri
940 1849 1058 1912 dicendi
1082 1869 1138 1912 usu
1162 1869 1271 1910 novum
1290 1869 1352 1911 car-

177 1967 246 2008 men
275 1967 291 2008 a
320 1949 463 2026 particula
485 1941 594 2010 Ἔνθα
624 1943 676 2030 (Η
696 1945 730 2031 8)
754 1952 891 2028 incipiet;
919 1948 956 2008 ab
979 1949 1080 2009 eadem
1106 1951 1183 2008 enim
1208 1948 1351 2026 particula

177 2047 326 2125 incipiunt
355 2045 431 2106 liber
459 2049 582 2125 quintus
610 2057 640 2107 et
662 2047 807 2106 librorum
831 2048 930 2125 quarti
953 2055 983 2105 et
1006 2046 1115 2105 decimi
1139 2046 1219 2105 tertii
1243 2045 1352 2106 alterae

177 2152 280 2222 partes
309 2145 341 2203 A
368 2141 434 2204 223
467 2152 497 2204 et
525 2145 563 2204 N
585 2140 692 2224 3612)
740 2143 882 2204 Similiter
914 2143 983 2203 libri
1012 2145 1108 2222 quinti
1141 2150 1291 2204 extremus
1323 2154 1353 2204 et

179 2244 257 2302 sexti
284 2244 400 2320 primus
429 2260 532 2302 versus
556 2244 721 2303 arctissime
745 2240 914 2321 cohaerent,
937 2249 971 2300 ut
994 2241 1046 2319 qui
1069 2239 1106 2300 ab
1129 2238 1223 2300 altero
1246 2232 1351 2300 πολλὰ

177 2331 212 2399 d'
239 2330 294 2417 ἄρ’
316 2337 402 2399 ἔνθα
420 2332 475 2398 nul
495 2330 570 2400 ἔνθ’
592 2341 691 2399 ἴθυσε
711 2330 797 2418 μάχη
817 2337 946 2399 πεδίοιο
965 2357 1074 2399 novtrm
1093 2337 1202 2398 librum
1220 2340 1352 2416 incipiat,

178 2440 278 2497 minus
301 2436 374 2496 mibi
397 2435 548 2516 probetur.
588 2435 696 2497 Verum
719 2455 787 2497 cum
811 2455 848 2496 ne
872 2455 887 2496 a
910 2455 997 2496 versu
1019 2437 1045 2496 Z
1064 2433 1085 2497 5
1104 2435 1223 2515 quidem
1244 2453 1352 2495 novum

177 2553 299 2594 carmen
323 2534 477 2602 commode
501 2534 631 2594 exordiri
656 2535 798 2614 videatur,
821 2537 851 2595 in
875 2553 939 2594 eam
964 2535 1140 2594 sententiam
1165 2533 1352 2611 inclinamus,

178 2641 212 2692 ut
241 2650 346 2692 versus
376 2631 442 2692 illos
466 2651 534 2691 vere
558 2631 712 2710 ambiguos
736 2632 827 2692 luisse
851 2640 882 2693 et
904 2631 992 2693 modo
1015 2631 1201 2691 antecedenti
1226 2632 1352 2690 carmini

177 2730 340 2802 subiectos,
363 2729 450 2789 modo
475 2732 612 2808 sequenti
636 2733 815 2808 praemissos
838 2749 903 2790 esse
928 2730 1068 2790 dicamus.

267 2845 287 2921 ἕ
311 2843 341 2906 9.
385 2843 525 2905 Carmina
544 2864 620 2924 quae
645 2848 830 2906 restituimus
854 2865 940 2907 suum
965 2847 1104 2926 qnodque
1129 2845 1226 2906 locum
1245 2847 1275 2904 in
1296 2845 1351 2904 hac

176 2944 310 3004 editione
340 2951 462 3003 tuentur
486 2961 545 3003 uno
569 2952 693 3023 excepto
718 2943 849 3023 catalogo
874 2947 998 3004 narium.
1036 2943 1091 3004 llic
1115 2945 1195 3004 enim
1219 2945 1248 3001 in
1273 2943 1352 3002 codi-

177 3041 265 3102 cibus
293 3039 361 3101 libri
390 3040 513 3101 secundi
543 3041 678 3101 versibus
705 3039 770 3102 483
799 3050 828 3102 et
858 3040 922 3103 780
950 3042 1065 3102 medius
1093 3043 1268 3102 interiectus
1292 3049 1352 3121 est3

177 3139 257 3218 quod
286 3141 312 3197 si
340 3145 421 3198 recte
450 3157 481 3198 se
509 3138 645 3218 baberet,
674 3157 777 3199 versus
807 3137 984 3201 teo-875
1010 3139 1048 3220 ab
1077 3146 1197 3199 auctore
1227 3139 1352 3218 catalogi

177 3235 222 3296 vel
252 3236 289 3296 ab
316 3239 381 3297 eius
405 3234 618 3314 interpolatore
642 3240 822 3315 compositos
846 3256 911 3297 esse
937 3237 1021 3297 nobis
1046 3238 1235 3297 statuendum
1262 3246 1351 3318 esset,

178 3333 289 3414 quibus
313 3333 485 3410 acatalogo
509 3336 626 3394 navium
651 3334 686 3394 ad
711 3335 840 3395 indicem
863 3337 1015 3414 copiarum
1039 3335 1233 3395 Troianorum
1258 3345 1351 3397 trans-

176 3435 237 3492 itus
261 3433 355 3492 fieret.
397 3435 433 3490 At
457 3439 520 3491 toto
544 3431 625 3492 caelo
649 3435 766 3511 egregia
790 3451 839 3492 ars
863 3432 970 3493 horum
993 3451 1134 3493 versuum
1158 3453 1174 3492 a
1198 3434 1352 3494 ieiunitate

177 3539 207 3589 et
246 3531 401 3588 invenusta
440 3530 573 3589 siccitate
611 3529 811 3607 catalogorum
849 3531 950 3611 distat,
988 3539 1022 3591 ut
1054 3533 1201 3592 contionis
1234 3535 1350 3592 auctori

177 3627 277 3706 potius
315 3645 404 3704 quam
442 3627 567 3706 catalogi
604 3629 837 3688 consarcinatori
869 3628 1047 3690 tribuantur.
1098 3627 1159 3689 Hac
1193 3629 1229 3690 de
1262 3647 1349 3689 causa

267 3873 294 3938 1)
314 3869 415 3925 Confer
433 3871 518 3926 aliam
538 3891 556 3924 α
577 3876 608 3924 11
629 3872 659 3924 eb
678 3873 702 3924 E
722 3876 772 3924 159
793 3867 859 3925 ἔνθ’
880 3870 958 3936 aloc,
978 3873 1026 3926 ubi
1044 3889 1118 3927 novo
1136 3890 1200 3942 pars
1220 3871 1351 3927 carminis

176 3951 291 4022 incipit,
310 3952 418 4005 sextum
436 3950 529 4004 locum
543 3945 628 4004 'Eva’
650 3949 763 4012 Αἰνείας
782 3953 813 4004 Ν
830 3957 881 4006 543
901 3951 930 4006 iu
951 3969 1026 4007 meso
1041 3955 1136 4022 partes
1150 3969 1251 4006 vocare
1265 3952 1351 4020 nolui,

176 4029 405 4099 quandoquidem
432 4031 468 4084 ob
497 4033 611 4086 auctore
639 4031 770 4085 carminis
797 4031 859 4100 ipso
884 4029 996 4094 Αἰνείας
1020 4027 1048 4086 δ’
1075 4032 1181 4086 dicium
1206 4048 1351 4086 emensus

175 4111 289 4165 dicendi
307 4109 421 4166 Homeri
439 4109 585 4179 probabile
603 4111 703 4166 reddit.
742 4112 822 4167 Aliae
841 4111 979 4166 formulae
998 4130 1072 4167 novo
1090 4109 1210 4165 carmini
1227 4112 1273 4166 vel
1292 4129 1351 4166 cnr·

174 4191 259 4244 minin
283 4191 359 4258 parti
383 4189 558 4244 exordiendis
578 4190 733 4246 inserviunt
750 4188 828 4247 ἄλλοι
848 4191 900 4262 μέν
920 4199 941 4247 Β
962 4200 985 4247 1.
1006 4197 1032 4246 K
1051 4199 1075 4246 1.
1094 4195 1120 4245 Ω
1140 4197 1201 4258 677,
1220 4193 1269 4246 ναὶ
1287 4190 1349 4248 τότε

175 4267 210 4339 δή
234 4273 341 4324 ruane.
361 4273 460 4324 rusa.
481 4273 505 4324 n·
524 4276 585 4338 rat,
604 4264 642 4333 ὣς
660 4267 757 4341 οἱμὲν
779 4280 794 4326 r
813 4279 836 4326 1.
856 4277 891 4326 M
908 4279 932 4327 1.
953 4275 978 4326 0
996 4276 1056 4325 aar.
1077 4273 1107 4324 rr
1125 4278 1147 4326 1.
1168 4274 1349 4330 arcaea.

180 4353 205 4404 r
229 4356 252 4404 1.
276 4353 348 4404 rr.
377 4352 407 4404 Ψ
431 4347 1349 4422 runai.oaonmtvdatmtrt.ontionem

173 4437 236 4561 21.
263 4450 280 4483 u
304 4436 328 4484 1.
352 4449 368 4499 χ
393 4436 419 4497 1,
443 4425 512 4492 'Hele
534 4428 587 4501 ple
613 4433 638 4485 Θ
663 4439 686 4486 1.
711 4439 734 4488 Δ
762 4439 785 4486 l.
812 4437 837 4485 T
860 4440 881 4486 1.
903 4450 915 4484 e
936 4437 961 4500 1,
980 4421 1051 4500 ἦμος
1069 4425 1098 4485 δ’
1119 4427 1266 4502 ἠριγένεια
1286 4436 1304 4506 β
1325 4440 1347 4488 1.

220 4515 244 4562 1.
263 4529 279 4578 p
300 4514 323 4562 1.
