3306 5070
689 355 841 408 ΙΛΙΑΔΟΣ
860 357 901 408 ΙΙΙ

297 519 355 598 τὴν
379 517 408 582 δ’
431 514 500 584 αὖτ’
523 515 682 598 Ἀντήνωρ
706 513 909 597 πεπνυμένος
932 516 1043 582 ἀντίον
1067 517 1159 596 ηὔδα·

209 622 258 702 ,ὦ
281 625 388 703 γύναι,
412 626 431 704 ἠ
455 623 539 703 μάλα
561 628 658 690 τοῦτο
683 625 780 690 Ρέπος
804 625 955 704 νημερτὲς
978 622 1113 688 ἔίειπες·

207 732 267 810 ἤδη
291 731 352 808 γὰρ
377 732 427 794 καὶ
451 729 547 810 δεῦρό
571 729 644 795 ποτ’
664 732 764 810 ἤλυθε
787 735 856 796 δῖος
880 727 1045 796 Ὀδυςςεύς

188 825 269 902 'cei’
292 835 373 901 ἕνεκ’
396 835 561 916 ἀγγελίην,
586 839 641 901 ςὺν
664 835 823 920 ἀρηιφίλῳ
847 835 1015 920 Μενελάῳ.

206 947 283 1009 τοὺς
307 942 425 1021 δ’,έγὼ
450 942 600 1009 έξείνιςςα
624 944 734 1008 καὶέν
758 943 917 1022 μεγάροιςι
940 943 1072 1023 φίληςα,

206 1051 401 1130 ἀμφοτέρων
425 1053 460 1114 δέ
484 1052 571 1130 φυὴν
595 1048 693 1129 ἐδάην
717 1051 767 1114 καὶ
791 1053 892 1130 μήδεα
915 1048 1027 1115 πυκνά.

206 1157 277 1223 ἀλλ’
300 1157 356 1222 ὅτε
380 1159 418 1236 δὴ
442 1157 599 1235 Τρώεςςιν
622 1157 658 1222 έν
681 1156 903 1237 ἀγρομένοιςιν
927 1156 1067 1236 ἔμιχθεν,

206 1265 349 1330 ςτάντων
373 1265 430 1343 μέν
454 1265 621 1328 Μενέλαος
645 1263 813 1342 ὑπείρεχεν
837 1264 949 1343 εὐρέας
972 1262 1091 1342 ὤμους,

206 1371 303 1452 ἀμφω
328 1369 356 1434 δ’
380 1371 521 1448 ἑζομένω
544 1369 765 1448 γεραρώτερος
789 1371 846 1450 ἦεν
870 1369 1044 1436 Ὀδυςςεύς.
1079 1455 1083 1463 Ι

205 1477 276 1543 ἀλλ’
298 1477 353 1542 ὅτε
377 1480 416 1556 δὴ
441 1477 558 1554 μύθου(
581 1476 631 1540 καὶ
655 1477 755 1554 μήδεα
778 1479 872 1541 πᾱςιν
894 1477 1047 1556 ὕφαινον,

205 1587 225 1666 ἡ
248 1606 297 1650 τοι
320 1586 378 1665 μὲν
402 1584 570 1648 Μενέλαος
593 1582 807 1662 ἐπιτροχάδην
831 1581 1002 1662 ἀγόρευεν,
1024 1608 1027 1614 ·

204 1697 311 1770 παῦρα
334 1692 405 1770 μέν,
428 1689 512 1754 ἀλλά
535 1688 620 1767 μάλα
644 1691 770 1768 λιγέως,
793 1689 863 1754 έπεὶ
887 1690 925 1754 οὐ
949 1681 1133 1769 πολύμυθος

204 1795 273 1863 οὐδ’
295 1796 579 1878 ἀφαμαρτοίεπής·
603 1797 621 1874 ἢ
645 1797 696 1860 καὶ
719 1797 804 1872 γένει
828 1796 958 1876 ίίςτερος
981 1798 1047 1877 ἦεν.

203 1903 274 1969 ἀλλ’
297 1903 351 1970 ὅτε
371 1905 409 1984 δὴ
433 1902 608 1980 πολύμητις
631 1901 789 1978 ἀναίεειεν
812 1900 992 1982 Ὀδυςςεύς,

204 2010 345 2088 ςτάςκεν,
369 2009 448 2074 ὑπαὶ
471 2011 507 2074 δὲ
531 2008 650 2075 Ὲίδεςκε
674 2010 754 2074 κατά
776 2010 894 2088 χθονὸς
917 2007 1041 2089 ὄμματα
1064 2012 1178 2089 πήξας,

202 2124 361 2198 ςκῆπτραν
384 2115 412 2182 δ’
435 2113 503 2182 οὔτ’
525 2115 626 2182 ὀπίςω
650 2114 725 2180 οὔτε
748 2117 931 2195 προπρηνὲς
955 2115 1075 2194 ἐνώμα,

201 2221 273 2288 ἀλλ’
297 2224 454 2304 ἀςτεμφές
477 2223 619 2302 ἔχεςκεν,
643 2221 762 2301 άίίθρεῑ
786 2222 871 2300 φωτὶ
893 2221 1053 2287 Ἑείοικώς·

201 2330 298 2409 φαίης
323 2352 357 2396 κε
380 2330 516 2396 ζάκοτόν
539 2333 573 2394 τέ
597 2328 655 2394 τιν’
679 2328 809 2408 ἔμμεναι
833 2326 964 2408 ἄφρονά
985 2327 1013 2392 τ’
1037 2329 1149 2394 αὔτως.

201 2435 273 2500 ἀλλ’
295 2436 349 2502 ὅτε
374 2439 412 2516 δὴ
437 2435 503 2500 ὄπα
525 2457 559 2500 τε
584 2435 725 2514 μεγάλην
748 2436 784 2500 έιι
808 2438 936 2516 ςτήθεος
960 2435 1008 2514 είη

200 2543 252 2605 καί
275 2544 373 2608 Ρέπεα
397 2543 558 2624 νιφάδεςςι
582 2541 743 2608 Ἑείοικότα
768 2541 968 2626 χειμερίῃςιν,

201 2649 260 2712 οὐκ
283 2649 323 2715 ἂν
346 2649 445 2715 ἔπειτ’
467 2649 592 2732 Ὀδυςῇί
615 2647 645 2727 γ’
668 2647 795 2728 έρίςεειε
821 2651 935 2730 βροτὸς
959 2647 1065 2716 ἄλλος.

201 2754 255 2837 [οὐ
278 2756 351 2822 τότε
375 2755 404 2835 γ’
428 2756 484 2822 ὧδ’
507 2756 657 2836 Ὀθυςῆος
681 2754 868 2836 άγαςςάμεθ
892 2755 977 2821 εἶδος
1001 2756 1165 2838 ίδάντες.“]

288 2865 326 2926 τὸ
349 2863 457 2942 τρίτον
481 2861 549 2927 αὖτ’
573 2861 691 2926 Αἴαντα
714 2864 811 2926 έιθὼν
830 2861 942 2943 ἐρέειν’
965 2862 984 2926 ὁ
1007 2863 1147 2942 γεραιός·

142 2991 151 3006 ·
198 2968 267 3047 ,τίς
290 2967 318 3032 τ’
341 2968 389 3049 ἀρ’
413 2969 462 3034 ὅδ’
485 2968 582 3033 ἄλλος
606 2967 731 3046 Ἀχαιὸς
755 2968 835 3049 ἀνὴρ
859 2969 915 3047 ἠύς
939 2989 973 3032 τε
997 2971 1094 3046 μέγας
1117 2991 1165 3048 τε,

200 3073 313 3154 ἔξοχος
337 3075 488 3155 Ἀργείων
511 3078 656 3155 κεφαλήν
679 3096 713 3139 τε
737 3075 787 3138 καὶ
812 3075 924 3154 εὐρέας
947 3076 1085 3153 ὤμους;“

290 3183 348 3247 τὸν
371 3182 399 3247 δ’
423 3184 532 3261 Ἑλένη
556 3183 761 3246 τανύπεπλος
784 3179 944 3262 ἀμείβετο,
968 3186 1022 3246 δῖα
1044 3187 1216 3258 γυναικῶν·

199 3289 317 3368 ,οὗτος
340 3288 369 3353 δ’
391 3288 467 3356 Αἴας
490 3290 553 3353 έςτί
576 3289 747 3367 πελώριος,
772 3289 863 3366 ἕρκος
887 3287 1031 3366 Ἀχαιῶν.

200 3395 374 3475 Ἰδομενεὺς
398 3394 425 3461 δ’
449 3395 607 3474 ἑτέρωθεν
631 3396 678 3458 ἐνὶ
703 3396 846 3474 Κρήτεςςι
871 3395 944 3458 θεὸς
968 3394 1012 3458 ὥς

199 3501 308 3582 έςτηιέ,
330 3502 412 3583 ἀμφὶ
435 3504 470 3568 δέ
495 3523 546 3580 μιν
572 3503 701 3580 Κρητῶν
724 3500 798 3576 ἀγοὶ
820 3489 1035 3579 ἠγερέθονται.

199 3609 334 3674 πολλάκι
359 3630 409 3688 μιν
432 3609 581 3674 ξείνιςςεν
604 3607 772 3687 ἀρηίφιλος
796 3609 964 3673 Μενέλαος

270 3764 322 3812 203
338 3783 371 3804 =
387 3762 484 3812 Λ822.

269 3887 321 3934 206
346 3876 400 3936 σεῖ’
424 3880 556 3952 Lugebil:
585 3881 634 3936 σεῦ
659 3879 739 3936 αοάά.
760 3881 810 3948 σι’γς
828 3880 891 3934 Ζοα.
911 3911 946 3920 -
965 3876 1097 3950 ἀγγελίην
1121 3882 1238 3952 Bentley
1263 3884 1365 3940 collato

198 3967 301 4018 A140:
326 3956 458 4031 ἀγγελίης
477 3962 571 4032 codd.‚
595 3961 628 4016 αί.
653 3964 683 4014 Ν
696 3966 756 4014 252.
782 3963 872 4014 0640
981 3965 1031 4014 207
1051 3956 1151 4016 winae
1172 3957 1200 4016 δ’
1222 3959 1276 4032 ἐγώ
1297 3965 1364 4029 ξειν.

198 4043 286 4098 Cobet
304 4039 382 4096 misc.
402 4041 462 4096 crit.
482 4047 532 4096 421
615 4047 668 4096 210
686 4037 936 4109 σςάντες.Βαπ11θγ
1017 4047 1068 4094 211
1090 4037 1229 4111 ἕζομένων
1249 4041 1273 4095 D
1293 4045 1366 4110 Zeu„

197 4127 228 4179 αλ
245 4123 309 4177 vido
330 4126 431 4178 Ηθθθ.
452 4127 543 4178 11224
624 4127 675 4175 212
696 4119 817 4189 ἔφαινον
836 4121 1015 4176 casaubonus
1101 4126 1153 4174 215
1174 4114 1191 4189 ἢ
1211 4121 1302 4176 καίΑ
1340 4123 1368 4180 εἰ

197 4204 245 4257 καί
265 4201 311 4258 01)
375 4208 426 4257 219
445 4196 523 4272 άίδρι
542 4201 566 4254 D
586 4219 658 4256 man.
678 4218 719 4270 pr.
793 4207 845 4256 220
864 4221 914 4256 κεν
934 4197 1037 4255 ἄκατον
1056 4199 1127 4255 coni.
1148 4203 1179 4257 A.
1195 4201 1316 4272 Spengel
1335 4205 1365 4260 in

197 4280 268 4337 Phil.
287 4282 378 4337 XXIII
398 4287 449 4338 549
522 4287 574 4336 221
594 4277 629 4350 (λη’
649 4276 677 4351 ῥ’
698 4281 794 4350 Ηεγαε
815 4311 847 4320 -
867 4281 905 4334 ἵει
925 4278 945 4334 G
1018 4285 1070 4333 224
1089 4280 1222 4349 rhapsodi
1240 4301 1364 4352 pannum

198 4377 257 4416 esse
271 4360 414 4432 perspein
429 4361 526 4432 Ηογαα
573 4366 624 4415 226
642 4362 684 4423 τίς
704 4356 755 4430 γὰρ
774 4358 886 4429 Trypho
905 4359 981 4428 apud
1000 4359 1091 4429 Apoll.
1107 4359 1141 4413 de
1160 4360 1230 4417 coni.
1250 4367 1310 4434 606,
1329 4371 1363 4420 32

198 4447 248 4496 227
272 4461 301 4496 τε
321 4441 370 4495 καί
389 4441 530 4512 Αιίαίιομίτ.
551 4443 610 4498 An:
630 4435 678 4512 ἧδ’
698 4439 776 4496 codd.
851 4445 900 4496 231
921 4433 1094 4507 ἠγερέθοντο
1113 4439 1145 4496 Ι).
