3280 5104
673 400 912 464 -101-

204 559 450 622 vindobonenses
477 561 705 623 codicesG=
725 560 768 623 39
797 581 873 624 saec
898 561 974 644 xiv,
1003 563 1091 623 ll=
1113 563 1174 627 117
1205 585 1280 629 saec.
1305 567 1380 650 lllll,

250 658 330 719 L=
345 655 367 720 5
395 677 471 719 saec.
496 657 569 740 lllV,
593 660 777 732 aharochio
801 661 908 723 collati.

204 755 309 818 Veneti
332 757 451 818 codices
465 756 562 816 Μι-
576 755 642 820 456
666 767 696 819 et
719 758 802 820 N=
816 748 880 822 451
902 778 977 821 saec.
997 759 1061 820 xlv
1081 769 1131 822 et·
1128 725 1180 820 liv
1199 781 1214 822 a
1233 762 1379 826 Larochio

248 856 360 934 passim
383 858 615 917 commemorati

292 951 345 1013 llis
368 971 403 1013 ex
424 951 578 1013 codicibus
596 952 701 1015 Veneti
719 959 750 1016 A
769 959 864 1016 varias
883 955 1036 1037 lectiones,
1059 959 1085 1017 si
1108 977 1129 1018 ν
1148 953 1377 1038 ἐφελκυστικά,

201 1052 328 1130 spiritus
348 1059 549 1130 accentusque
574 1069 609 1111 ex
633 1051 795 1114 lectionum
818 1056 958 1115 varietate
983 1057 1080 1136 excipi
1103 1058 1266 1138 permittas,
1290 1057 1377 1136 plene

201 1148 387 1229 rettulimus,
410 1147 687 1230 Laurentiauorum,
713 1150 836 1232 Syriaci,
859 1168 1047 1232 papyrorum,
1070 1161 1105 1213 ut
1127 1161 1228 1232 aperta
1252 1156 1376 1234 ipsoque

84 1301 89 1310 .
196 1257 298 1318 metro
327 1249 453 1308 refutata
482 1247 588 1308 menda
616 1256 646 1309 et
669 1249 913 1329 orthographicas
937 1248 1112 1329 quisquilias
1135 1251 1248 1313 referre
1272 1253 1375 1314 inutile

200 1345 349 1426 duximus,
373 1347 412 1406 ita
437 1345 588 1426 lectiones,
613 1364 688 1426 quae
712 1346 768 1408 hoc
788 1349 906 1408 nomine
926 1346 1032 1424 dunas
1052 1355 1130 1428 sunt,
1154 1367 1257 1410 omnes
1276 1359 1374 1412 enota-

201 1447 310 1522 vimus‚
338 1443 467 1524 denique
496 1443 633 1505 codicum
658 1443 841 1506 deteriorum
864 1445 1020 1524 lectiones,
1047 1447 1106 1506 nisi
1130 1447 1155 1506 si
1180 1465 1253 1525 quas
1273 1458 1372 1527 spreta

199 1541 342 1619 dignitate
367 1541 511 1602 librorum
535 1541 712 1602 honorum·
705 1561 736 1603 m
759 1551 872 1603 textum
896 1544 1064 1620 recepimus
1088 1551 1221 1604 autnon
1247 1563 1372 1622 prorsus

199 1639 431 1700 contemnendas
454 1639 602 1721 duximus,
625 1658 684 1700 non
708 1639 920 1701 adnotavimus.
958 1639 1017 1700 llas
1041 1647 1140 1700 autem
1163 1643 1294 1702 rationes
1315 1663 1369 1704 cur

199 1741 295 1799 secuti
314 1740 416 1816 simus,
436 1755 470 1796 ex
491 1739 537 1817 iis,
556 1755 631 1818 quae
651 1737 791 1817 deinceps
811 1740 868 1798 iam
887 1738 1069 1817 disputaturi
1083 1757 1194 1820 sumus,
1210 1741 1372 1819 apparebit.

289 1835 309 1912 ξ
333 1833 384 1896 51.
422 1834 615 1895 Communem
643 1838 776 1898 omnium
803 1835 940 1896 codicum
969 1853 1035 1896 esse
1063 1838 1207 1914 originem
1235 1839 1371 1916 inprimis

199 1942 322 2014 apparet
349 1952 384 1993 ex
413 1933 549 1994 versibus
577 1933 600 1994 I
625 1929 800 1996 458-461
830 1943 860 1994 et
886 1933 921 1994 Σ
942 1930 1131 2014 604-605,
1160 1937 1211 2013 qui
1239 1954 1306 1996 cum
1334 1938 1371 1998 ah

199 2031 371 2092 Aristarcho
404 2031 535 2092 damnati
564 2038 678 2111 essent,
711 2033 741 2090 in
770 2030 908 2091 omnibus
935 2030 1089 2092 codicibus
1116 2035 1227 2094 nostris
1255 2034 1371 2096 desunt.

200 2130 311 2190 Similis
333 2136 379 2190 est
402 2148 490 2190 causa
514 2147 654 2190 versuum
672 2130 701 2189 Θ
719 2125 784 2190 548
808 2135 838 2188 et
861 2123 1046 2209 550—552,
1070 2148 1145 2208 quos
1168 2131 1198 2190 in
1219 2131 1371 2194 codicibus

198 2230 310 2289 nostris
335 2229 460 2288 omissos
484 2245 521 2287 ex
539 2225 670 2288 Platonis
690 2224 840 2286 Alcibiade
858 2225 884 2284 ll
903 2245 931 2304 p.
953 2223 1015 2288 149
1035 2226 1059 2286 D
1077 2225 1237 2289 Barnesius
1255 2232 1371 2308 primus

199 2328 325 2406 recepit;
343 2326 400 2387 hoc
421 2343 512 2386 unum
532 2325 639 2404 differt,
659 2322 737 2404 qnod
757 2342 828 2384 num
846 2323 879 2383 bi
895 2342 1013 2402 quoque
1028 2342 1133 2385 versus
1147 2324 1183 2387 ab
1198 2327 1370 2390 Aristarcho

75 2449 79 2456 ¹
197 2427 328 2487 damnati
351 2426 419 2502 sint,
442 2423 554 2482 diserto
579 2423 748 2482 testimonio
772 2438 915 2481 caremus.
962 2421 1095 2502 Denique
1119 2423 1223 2484 eodem
1247 2435 1369 2506 spectat,

198 2523 275 2604 quod
310 2522 422 2602 aliquot
452 2519 573 2600 menda,
606 2519 686 2579 velut
718 2514 857 2580 ἕκαστον
891 2512 1022 2598 (corrige
1055 2515 1201 2603 ἕκαστοι)
1233 2523 1261 2584 Β
1296 2522 1369 2612 127,

195 2615 318 2696 ἄξοντο
353 2613 443 2702 (corr.
477 2609 613 2700 ἄξοντο)
647 2617 675 2676 Θ
703 2610 784 2696 545,
815 2605 928 2688 ἀκταῖς
961 2609 1052 2698 (corr.
1085 2608 1199 2700 ἄκτῇς)
1230 2620 1269 2680 M
1295 2620 1368 2703 284,

196 2719 281 2781 ἔνθα
315 2710 351 2779 δὲ
382 2712 473 2797 (οοιι.
505 2712 592 2775 ἔνθα
620 2707 670 2795 τε)
700 2713 737 2776 Ν
760 2663 817 2794 11,
849 2708 925 2774 ποτὶ
953 2709 1057 2796 (τέλει
1085 2714 1130 2777 Et
1159 2708 1265 2799 11.,.,)
1243 2715 1268 2762 A*
1293 2713 1367 2801 396,

194 2808 295 2895 ἀέλλη
324 2809 416 2896 (corr.
445 2804 561 2894 ἄελλα)
590 2813 627 2872 Π
648 2808 728 2891 374,
755 2809 985 2893 προβιβῶντος
1012 2807 1103 2894 (corr.
1127 2808 1366 2900 τροβιβάκτος)

196 2916 233 2975 Π
253 2911 326 2992 609,
350 2910 469 2972 codices
493 2917 611 2970 nostros
634 2909 809 2970 insederunt
832 2927 943 2971 omnes.

142 3073 146 3080 ,
284 3009 369 3082 Quod
389 3025 494 3069 versus
513 3025 603 3086 supra
622 3008 843 3068 commemorati
863 3017 892 3068 et
912 3011 941 3068 in
961 3007 1114 3070 codicibus
1133 3012 1244 3072 nostris
1259 3011 1368 3074 desunt

195 3119 226 3170 et
248 3108 285 3168 ah
304 3106 475 3169 Aristarcho
499 3105 629 3164 damnati
653 3121 719 3164 esse
743 3103 893 3185 dicuntur,
917 3106 985 3167 inde
1009 3106 1094 3166 facile
1118 3110 1186 3187 quis
1209 3109 1367 3172 concludat

193 3205 311 3268 codices
335 3213 454 3266 nostros
478 3222 513 3263 ex
533 3201 726 3263 Aristarohco
750 3202 910 3282 exemplari
930 3203 1072 3265 oriundos
1091 3223 1166 3284 esse,
1189 3210 1365 3285 praesertim

190 3323 258 3366 cum
281 3306 312 3364 in
334 3302 437 3363 codice
457 3299 568 3360 Veneto
588 3303 619 3360 A
639 3301 723 3378 signa
743 3299 930 3362 Aristarcbea
950 3301 1075 3382 singulis
1094 3301 1230 3362 versibus
1248 3306 1366 3383 appicta

192 3404 260 3462 sint.
307 3404 345 3460 At
373 3399 450 3460 hanc
484 3398 643 3477 quominus
676 3398 845 3475 opinionem
878 3400 1090 3480 amplectamur
1120 3399 1251 3481 plenam,
1284 3412 1365 3465 certa

193 3500 313 3560 obstant
341 3497 458 3558 indicia.
505 3493 661 3556 Nonnullis
689 3496 768 3555 enim
796 3495 869 3558 locis
900 3498 953 3558 alia
983 3514 1070 3575 quam
1094 3516 1169 3577 quae
1193 3499 1365 3561 Aristarcho

192 3597 374 3676 probabatur
393 3595 481 3656 lectio
501 3595 532 3654 in
550 3591 704 3654 codicibus
725 3601 835 3676 exstat3
855 3598 898 3655 sic
914 3595 1086 3656 Aristarcho
1104 3595 1238 3675 placebat
1255 3600 1284 3660 A
1297 3599 1364 3661 466

191 3687 281 3775 ἀμφί
306 3683 340 3766 μ’
363 3683 545 3772 Ὀδυσσῆος
572 3690 820 3772 ταλασίφρονος
842 3682 922 3754 ἵκετ’
948 3684 1043 3775 ἀυτή,
1068 3693 1226 3756 lectionem
1251 3696 1365 3775 vulgari

192 3794 323 3854 sermoni
342 3789 590 3852 accommodatam
609 3783 698 3850 ἵκετο
721 3783 819 3870 φωνή
837 3791 955 3852 codices
975 3795 1069 3854 nostri
1088 3793 1228 3856 exhibent
1247 3812 1363 3876 οιιιιιοε,

191 3891 279 3972 paulo
303 3898 371 3950 ante
391 3889 422 3949 A
435 3885 531 3950 455
524 3905 555 3947 ιιι
579 3884 731 3947 codicibus
755 3891 899 3969 scriptum
922 3898 969 3950 est
987 3880 1093 3970 αὐτὰρ
1113 3888 1184 3954 ἐκεί
1200 3911 1235 3952 κε
1254 3884 1364 3972 θάνω,

190 3985 363 4067 κτεριοῦσί
378 4006 417 4068 με
438 3984 505 4046 δῖοι
521 3979 661 4064 Ἀχαιοί,
687 3983 876 4048 Aristarchus
895 3991 1067 4070 genuinum,
1091 3991 1122 4049 ni
1141 3989 1234 4069 fallor,
1259 4008 1363 4051 versus

191 4087 310 4146 initium
339 4086 466 4144 servavit
494 4071 600 4162 αὐτὰρ
624 4068 688 4158 ἔμ’,
716 4084 750 4144 ei
767 4104 804 4145 κε
825 4077 939 4165 θάνω,
968 4105 1026 4166 quo
1052 4094 1170 4166 recepto
1193 4084 1365 4168 κτεριοῦσί

191 4203 227 4270 γε
255 4181 323 4244 deoc
349 4173 477 4262 Ἀχαιοί
501 4175 719 4240 emendandum
747 4199 813 4242 esse
837 4181 1011 4261 Spitznerus
1041 4181 1197 4262 intellexit;
1226 4183 1362 4244 similiter

191 4279 223 4342 Γ
240 4278 316 4342 406.
345 4281 378 4340 Δ
410 4275 480 4340 170.
509 4273 583 4340 456.
607 4281 646 4341 Η
663 4276 737 4343 420.
761 4281 783 4340 I
804 4277 877 4342 564.
900 4276 930 4350 Ξ
951 4278 1016 4342 285
1040 4279 1189 4342 codices'
1182 4301 1212 4341 ιιι
1236 4282 1361 4343 lectione

192 4378 228 4438 ab
251 4377 424 4439 Aristarcho
447 4376 599 4456 repudiata
624 4379 821 4439 consentiunt
859 4377 924 4448 Quo
948 4397 1016 4438 oum
1040 4378 1169 4460 accedat,
1193 4389 1226 4441 ut
1244 4381 1362 4442 codices

193 4487 294 4536 contra
322 4474 488 4536 Aristarchi
516 4478 693 4536 sententiam
721 4476 864 4536 lectiones
891 4475 1014 4556 Didymo
1042 4484 1072 4537 et
1099 4475 1266 4540 llerodiano
1294 4499 1366 4558 pro·
