<?xml version="1.0" encoding="UTF-8"?>
<!DOCTYPE html PUBLIC "-//W3C//DTD XHTML 1.0 Transitional//EN"
    "http://www.w3.org/TR/xhtml1/DTD/xhtml1-transitional.dtd">
<html xmlns="http://www.w3.org/1999/xhtml" xml:lang="en" lang="en">
 <head>
  <title>
</title>
<meta http-equiv="Content-Type" content="text/html;charset=utf-8" />
  <meta name='ocr-system' content='tesseract 3.04.00' />
  <meta name='ocr-capabilities' content='ocr_page ocr_carea ocr_par ocr_line ocrx_word'/>
</head>
<body>
  <div class='ocr_page' id='page_1' title='image "./homeriiliadisca01homegoog_0188.png"; bbox 0 0 3280 5104; ppageno 0'>
   <div class='ocr_carea' id='block_1_1' title="bbox 635 365 877 431">
    <p class='ocr_par' dir='ltr' id='par_1_1' title="bbox 635 365 877 431">
     <span class='ocr_line' id='line_1_1' title="bbox 635 365 877 431; baseline -0.008 0"><span class='ocrx_word' id='word_1_1' title='bbox 635 365 877 431; x_wconf 81' lang='lat' dir='ltr'>—1tt-</span> 
     </span>
    </p>
   </div>
   <div class='ocr_carea' id='block_1_2' title="bbox 169 521 1390 4222">
    <p class='ocr_par' dir='ltr' id='par_1_2' title="bbox 169 521 1344 982">
     <span class='ocr_line' id='line_1_2' title="bbox 170 521 1343 609; baseline 0.003 -21"><span class='ocrx_word' id='word_1_2' title='bbox 170 521 270 609; x_wconf 61' lang='grc'>3781)</span> <span class='ocrx_word' id='word_1_3' title='bbox 309 527 426 590; x_wconf 84' lang='lat' dir='ltr'>sustuli.</span> <span class='ocrx_word' id='word_1_4' title='bbox 478 527 574 588; x_wconf 83' lang='lat' dir='ltr'>Simili</span> <span class='ocrx_word' id='word_1_5' title='bbox 611 531 726 589; x_wconf 88' lang='lat' dir='ltr'>ratione</span> <span class='ocrx_word' id='word_1_6' title='bbox 764 527 877 589; x_wconf 88' lang='lat' dir='ltr'>hiatum</span> <span class='ocrx_word' id='word_1_7' title='bbox 915 532 1159 592; x_wconf 86' lang='lat' dir='ltr'>concurrentium</span> <span class='ocrx_word' id='word_1_8' title='bbox 1198 528 1343 592; x_wconf 77' lang='lat' dir='ltr'>vocalium</span> 
     </span>
     <span class='ocr_line' id='line_1_3' title="bbox 169 619 1343 707; baseline 0.003 -20"><span class='ocrx_word' id='word_1_9' title='bbox 169 620 254 706; x_wconf 75' lang='grc' dir='ltr'>μηδὲ</span> <span class='ocrx_word' id='word_1_10' title='bbox 282 625 319 686; x_wconf 84' lang='grc' dir='ltr'>ἔα</span> <span class='ocrx_word' id='word_1_11' title='bbox 347 625 376 686; x_wconf 87' lang='grc' dir='ltr'><strong><em>Β</em></strong></span> <span class='ocrx_word' id='word_1_12' title='bbox 408 623 480 688; x_wconf 84' lang='lat'><strong>165.</strong></span> <span class='ocrx_word' id='word_1_13' title='bbox 506 623 582 696; x_wconf 85' lang='grc'>181,</span> <span class='ocrx_word' id='word_1_14' title='bbox 611 646 651 706; x_wconf 85' lang='grc' dir='ltr'>με</span> <span class='ocrx_word' id='word_1_15' title='bbox 674 624 712 686; x_wconf 81' lang='grc' dir='ltr'>ἔα</span> <span class='ocrx_word' id='word_1_16' title='bbox 739 623 836 687; x_wconf 85' lang='grc' dir='ltr'>Ρ16.</span> <span class='ocrx_word' id='word_1_17' title='bbox 860 625 894 686; x_wconf 85' lang='lat' dir='ltr'><em>X</em></span> <span class='ocrx_word' id='word_1_18' title='bbox 913 623 986 687; x_wconf 85' lang='lat'><strong>339.</strong></span> <span class='ocrx_word' id='word_1_19' title='bbox 1009 646 1030 687; x_wconf 83' lang='grc' dir='ltr'><em>κ</em></span> <span class='ocrx_word' id='word_1_20' title='bbox 1053 623 1131 707; x_wconf 83' lang='grc'>536,</span> <span class='ocrx_word' id='word_1_21' title='bbox 1160 619 1240 689; x_wconf 69' lang='grc' dir='ltr'>οὐδὲ</span> <span class='ocrx_word' id='word_1_22' title='bbox 1264 625 1343 690; x_wconf 77' lang='grc' dir='ltr'>ἐῶσι</span> 
     </span>
     <span class='ocr_line' id='line_1_4' title="bbox 171 717 1343 808; baseline 0.004 -24"><span class='ocrx_word' id='word_1_23' title='bbox 171 722 192 784; x_wconf 94' lang='lat' dir='ltr'>d</span> <span class='ocrx_word' id='word_1_24' title='bbox 215 721 289 804; x_wconf 83' lang='lat'>805,</span> <span class='ocrx_word' id='word_1_25' title='bbox 313 717 350 786; x_wconf 72' lang='lat' dir='ltr'>db</span> <span class='ocrx_word' id='word_1_26' title='bbox 374 721 481 804; x_wconf 72' lang='grc' dir='ltr'><strong><em>ἐῶμεν</em></strong></span> <span class='ocrx_word' id='word_1_27' title='bbox 504 737 526 784; x_wconf 88' lang='grc' dir='ltr'><em>σ</em></span> <span class='ocrx_word' id='word_1_28' title='bbox 547 722 614 785; x_wconf 89' lang='grc'>420</span> <span class='ocrx_word' id='word_1_29' title='bbox 638 725 785 786; x_wconf 87' lang='lat' dir='ltr'>revocatis</span> <span class='ocrx_word' id='word_1_30' title='bbox 809 723 911 784; x_wconf 75' lang='lat' dir='ltr'>formis</span> <span class='ocrx_word' id='word_1_31' title='bbox 935 725 986 784; x_wconf 79' lang='lat' dir='ltr'>ela</span> <span class='ocrx_word' id='word_1_32' title='bbox 1010 721 1102 786; x_wconf 77' lang='grc' dir='ltr'><em>εἰῶσι</em></span> <span class='ocrx_word' id='word_1_33' title='bbox 1122 719 1203 808; x_wconf 87' lang='lat' dir='ltr'>(vide</span> <span class='ocrx_word' id='word_1_34' title='bbox 1222 728 1251 787; x_wconf 88' lang='lat' dir='ltr'><em>B</em></span> <span class='ocrx_word' id='word_1_35' title='bbox 1271 724 1343 789; x_wconf 92' lang='grc'>132.</span> 
     </span>
     <span class='ocr_line' id='line_1_5' title="bbox 174 817 1344 905; baseline 0.004 -24"><span class='ocrx_word' id='word_1_36' title='bbox 174 823 202 881; x_wconf 87' lang='grc' dir='ltr'><em>Λ</em></span> <span class='ocrx_word' id='word_1_37' title='bbox 229 819 303 884; x_wconf 83' lang='grc'>550.</span> <span class='ocrx_word' id='word_1_38' title='bbox 329 821 358 880; x_wconf 91' lang='grc' dir='ltr'><em>Ρ</em></span> <span class='ocrx_word' id='word_1_39' title='bbox 378 819 452 884; x_wconf 84' lang='lat'><strong>659.</strong></span> <span class='ocrx_word' id='word_1_40' title='bbox 477 825 507 882; x_wconf 77' lang='grc' dir='ltr'><em>Τ</em></span> <span class='ocrx_word' id='word_1_41' title='bbox 530 817 607 905; x_wconf 88' lang='grc'>139)</span> <span class='ocrx_word' id='word_1_42' title='bbox 635 824 735 901; x_wconf 88' lang='lat' dir='ltr'>potius</span> <span class='ocrx_word' id='word_1_43' title='bbox 763 840 851 901; x_wconf 86' lang='lat' dir='ltr'>quam</span> <span class='ocrx_word' id='word_1_44' title='bbox 881 823 1061 884; x_wconf 87' lang='lat' dir='ltr'>coniecturis</span> <span class='ocrx_word' id='word_1_45' title='bbox 1085 817 1186 885; x_wconf 77' lang='grc' dir='ltr'>ἐᾶωσι</span> <span class='ocrx_word' id='word_1_46' title='bbox 1209 833 1239 884; x_wconf 89' lang='lat' dir='ltr'>et</span> <span class='ocrx_word' id='word_1_47' title='bbox 1262 818 1344 886; x_wconf 79' lang='grc' dir='ltr'><strong><em>ἐάαν</em></strong></span> 
     </span>
     <span class='ocr_line' id='line_1_6' title="bbox 171 919 611 982; baseline 0.005 -3"><span class='ocrx_word' id='word_1_48' title='bbox 171 919 384 980; x_wconf 84' lang='lat' dir='ltr'>removendum</span> <span class='ocrx_word' id='word_1_49' title='bbox 408 939 474 981; x_wconf 91' lang='lat' dir='ltr'>esse</span> <span class='ocrx_word' id='word_1_50' title='bbox 498 923 611 982; x_wconf 91' lang='lat' dir='ltr'>censui.</span> 
     </span>
    </p>

    <p class='ocr_par' dir='ltr' id='par_1_3' title="bbox 172 1015 1344 1292">
     <span class='ocr_line' id='line_1_7' title="bbox 260 1015 1344 1102; baseline 0.001 -23"><span class='ocrx_word' id='word_1_51' title='bbox 260 1016 281 1094; x_wconf 64' lang='grc' dir='ltr'>ἓ</span> <span class='ocrx_word' id='word_1_52' title='bbox 306 1015 378 1079; x_wconf 92' lang='grc'>106.</span> <span class='ocrx_word' id='word_1_53' title='bbox 424 1016 477 1078; x_wconf 87' lang='lat' dir='ltr'>llis</span> <span class='ocrx_word' id='word_1_54' title='bbox 505 1018 595 1079; x_wconf 88' lang='lat' dir='ltr'>rebus</span> <span class='ocrx_word' id='word_1_55' title='bbox 623 1020 767 1096; x_wconf 81' lang='lat' dir='ltr'>expositis</span> <span class='ocrx_word' id='word_1_56' title='bbox 794 1027 827 1079; x_wconf 89' lang='lat' dir='ltr'>ut</span> <span class='ocrx_word' id='word_1_57' title='bbox 854 1019 890 1079; x_wconf 91' lang='lat' dir='ltr'>ad</span> <span class='ocrx_word' id='word_1_58' title='bbox 920 1036 983 1078; x_wconf 90' lang='lat' dir='ltr'>rem</span> <span class='ocrx_word' id='word_1_59' title='bbox 1008 1019 1155 1096; x_wconf 76' lang='lat' dir='ltr'>inceptam</span> <span class='ocrx_word' id='word_1_60' title='bbox 1179 1019 1344 1102; x_wconf 80' lang='lat' dir='ltr'>redeamus,</span> 
     </span>
     <span class='ocr_line' id='line_1_8' title="bbox 172 1114 1344 1196; baseline 0.002 -20"><span class='ocrx_word' id='word_1_61' title='bbox 172 1114 299 1176; x_wconf 90' lang='lat' dir='ltr'>indicem</span> <span class='ocrx_word' id='word_1_62' title='bbox 323 1117 455 1176; x_wconf 90' lang='lat' dir='ltr'>omnium</span> <span class='ocrx_word' id='word_1_63' title='bbox 481 1115 705 1196; x_wconf 88' lang='lat' dir='ltr'>vocabulorum,</span> <span class='ocrx_word' id='word_1_64' title='bbox 729 1134 856 1195; x_wconf 85' lang='lat' dir='ltr'>quorum</span> <span class='ocrx_word' id='word_1_65' title='bbox 881 1115 996 1176; x_wconf 88' lang='lat' dir='ltr'>vocales</span> <span class='ocrx_word' id='word_1_66' title='bbox 1020 1124 1071 1176; x_wconf 88' lang='lat' dir='ltr'>sut</span> <span class='ocrx_word' id='word_1_67' title='bbox 1095 1119 1150 1194; x_wconf 88' lang='lat' dir='ltr'>ipsi</span> <span class='ocrx_word' id='word_1_68' title='bbox 1174 1116 1344 1178; x_wconf 87' lang='lat' dir='ltr'>diduximus</span> 
     </span>
     <span class='ocr_line' id='line_1_9' title="bbox 172 1212 1233 1292; baseline 0.002 -19"><span class='ocrx_word' id='word_1_69' title='bbox 172 1221 223 1273; x_wconf 90' lang='lat' dir='ltr'>aut</span> <span class='ocrx_word' id='word_1_70' title='bbox 245 1212 296 1274; x_wconf 87' lang='lat' dir='ltr'>alii</span> <span class='ocrx_word' id='word_1_71' title='bbox 319 1212 502 1275; x_wconf 89' lang='lat' dir='ltr'>diducendas</span> <span class='ocrx_word' id='word_1_72' title='bbox 525 1222 717 1292; x_wconf 88' lang='lat' dir='ltr'>censuerunt,</span> <span class='ocrx_word' id='word_1_73' title='bbox 740 1213 933 1275; x_wconf 83' lang='lat' dir='ltr'>conficiemus</span> <span class='ocrx_word' id='word_1_74' title='bbox 956 1222 986 1274; x_wconf 89' lang='lat' dir='ltr'>et</span> <span class='ocrx_word' id='word_1_75' title='bbox 1010 1213 1233 1276; x_wconf 87' lang='lat' dir='ltr'>illustrabimus.</span> 
     </span>
    </p>

    <p class='ocr_par' dir='ltr' id='par_1_4' title="bbox 261 1310 765 1374">
     <span class='ocr_line' id='line_1_10' title="bbox 261 1310 765 1374; baseline 0.006 -5"><span class='ocrx_word' id='word_1_76' title='bbox 261 1310 479 1374; x_wconf 82' lang='lat' dir='ltr'>Vocabulorum</span> <span class='ocrx_word' id='word_1_77' title='bbox 504 1313 614 1374; x_wconf 87' lang='lat' dir='ltr'>lormae</span> <span class='ocrx_word' id='word_1_78' title='bbox 639 1312 765 1374; x_wconf 85' lang='lat' dir='ltr'>solutae:</span> 
     </span>
    </p>

    <p class='ocr_par' dir='ltr' id='par_1_5' title="bbox 172 1400 1346 1586">
     <span class='ocr_line' id='line_1_11' title="bbox 261 1400 1346 1489; baseline 0.002 -19"><span class='ocrx_word' id='word_1_79' title='bbox 261 1400 393 1472; x_wconf 58' lang='grc' dir='ltr'><strong><em>ἇέέκων</em></strong></span> <span class='ocrx_word' id='word_1_80' title='bbox 420 1427 476 1488; x_wconf 90' lang='lat' dir='ltr'>pro</span> <span class='ocrx_word' id='word_1_81' title='bbox 505 1402 596 1472; x_wconf 75' lang='grc' dir='ltr'><strong><em>ἄκων</em></strong></span> <span class='ocrx_word' id='word_1_82' title='bbox 620 1409 759 1472; x_wconf 91' lang='lat' dir='ltr'>omnibus</span> <span class='ocrx_word' id='word_1_83' title='bbox 782 1408 856 1470; x_wconf 89' lang='lat' dir='ltr'>locis</span> <span class='ocrx_word' id='word_1_84' title='bbox 880 1409 972 1472; x_wconf 82' lang='lat' dir='ltr'>scribi</span> <span class='ocrx_word' id='word_1_85' title='bbox 995 1419 1094 1489; x_wconf 91' lang='lat' dir='ltr'>potest</span> <span class='ocrx_word' id='word_1_86' title='bbox 1117 1419 1147 1470; x_wconf 91' lang='lat' dir='ltr'>et</span> <span class='ocrx_word' id='word_1_87' title='bbox 1170 1429 1186 1470; x_wconf 90' lang='lat' dir='ltr'>a</span> <span class='ocrx_word' id='word_1_88' title='bbox 1211 1410 1346 1472; x_wconf 81' lang='lat' dir='ltr'>bekkero</span> 
     </span>
     <span class='ocr_line' id='line_1_12' title="bbox 172 1509 498 1586; baseline 0 -18"><span class='ocrx_word' id='word_1_89' title='bbox 172 1509 231 1568; x_wconf 71' lang='lat' dir='ltr'>mm</span> <span class='ocrx_word' id='word_1_90' title='bbox 254 1509 420 1586; x_wconf 85' lang='lat' dir='ltr'>repositum</span> <span class='ocrx_word' id='word_1_91' title='bbox 444 1517 498 1570; x_wconf 91' lang='lat' dir='ltr'>est.</span> 
     </span>
    </p>

    <p class='ocr_par' dir='ltr' id='par_1_6' title="bbox 173 1594 1390 2660">
     <span class='ocr_line' id='line_1_13' title="bbox 262 1594 1390 1685; baseline 0 -19"><span class='ocrx_word' id='word_1_92' title='bbox 262 1594 370 1685; x_wconf 58' lang='lat' dir='ltr'>diolco</span> <span class='ocrx_word' id='word_1_93' title='bbox 398 1604 469 1666; x_wconf 89' lang='lat' dir='ltr'>olim</span> <span class='ocrx_word' id='word_1_94' title='bbox 497 1606 609 1668; x_wconf 88' lang='lat' dir='ltr'>dictum</span> <span class='ocrx_word' id='word_1_95' title='bbox 641 1607 731 1668; x_wconf 85' lang='lat' dir='ltr'>luisse</span> <span class='ocrx_word' id='word_1_96' title='bbox 761 1606 917 1666; x_wconf 86' lang='lat' dir='ltr'>Pindarico</span> <span class='ocrx_word' id='word_1_97' title='bbox 946 1597 1055 1667; x_wconf 82' lang='grc' dir='ltr'><strong><em>ἆοοῖτα</em></strong></span> <span class='ocrx_word' id='word_1_98' title='bbox 1083 1606 1166 1685; x_wconf 80' lang='lat' dir='ltr'>Pytb.</span> <span class='ocrx_word' id='word_1_99' title='bbox 1196 1605 1221 1666; x_wconf 93' lang='lat' dir='ltr'>ll</span> <span class='ocrx_word' id='word_1_100' title='bbox 1249 1604 1292 1669; x_wconf 88' lang='grc'>28</span> <span class='ocrx_word' id='word_1_101' title='bbox 1318 1614 1348 1667; x_wconf 91' lang='lat' dir='ltr'>et</span> <span class='ocrx_word' id='word_1_102' title='bbox 1385 1675 1390 1684; x_wconf 50' lang='grc'>,</span> 
     </span>
     <span class='ocr_line' id='line_1_14' title="bbox 174 1700 1349 1784; baseline 0.002 -22"><span class='ocrx_word' id='word_1_103' title='bbox 174 1701 213 1762; x_wconf 92' lang='lat' dir='ltr'>lli</span> <span class='ocrx_word' id='word_1_104' title='bbox 237 1700 281 1764; x_wconf 90' lang='grc'>24</span> <span class='ocrx_word' id='word_1_105' title='bbox 305 1704 377 1764; x_wconf 86' lang='lat' dir='ltr'>satis</span> <span class='ocrx_word' id='word_1_106' title='bbox 401 1711 530 1784; x_wconf 86' lang='lat' dir='ltr'>constat;</span> <span class='ocrx_word' id='word_1_107' title='bbox 558 1703 730 1764; x_wconf 84' lang='lat' dir='ltr'>distractam</span> <span class='ocrx_word' id='word_1_108' title='bbox 755 1704 879 1764; x_wconf 82' lang='lat' dir='ltr'>formam</span> <span class='ocrx_word' id='word_1_109' title='bbox 904 1702 1031 1764; x_wconf 88' lang='lat' dir='ltr'>ilomero</span> <span class='ocrx_word' id='word_1_110' title='bbox 1056 1705 1173 1764; x_wconf 88' lang='lat' dir='ltr'>restitui</span> <span class='ocrx_word' id='word_1_111' title='bbox 1198 1703 1349 1765; x_wconf 84' lang='lat' dir='ltr'>Nauckius</span> 
     </span>
     <span class='ocr_line' id='line_1_15' title="bbox 173 1801 1347 1882; baseline 0.003 -23"><span class='ocrx_word' id='word_1_112' title='bbox 173 1801 270 1880; x_wconf 88' lang='lat' dir='ltr'>iussit,</span> <span class='ocrx_word' id='word_1_113' title='bbox 294 1802 343 1861; x_wconf 89' lang='lat' dir='ltr'>cui</span> <span class='ocrx_word' id='word_1_114' title='bbox 367 1804 527 1880; x_wconf 88' lang='lat' dir='ltr'>quominus</span> <span class='ocrx_word' id='word_1_115' title='bbox 550 1801 730 1882; x_wconf 89' lang='lat' dir='ltr'>oboedirem,</span> <span class='ocrx_word' id='word_1_116' title='bbox 754 1801 907 1880; x_wconf 88' lang='lat' dir='ltr'>probibuit</span> <span class='ocrx_word' id='word_1_117' title='bbox 930 1809 1082 1862; x_wconf 89' lang='lat' dir='ltr'>contracta</span> <span class='ocrx_word' id='word_1_118' title='bbox 1104 1803 1231 1862; x_wconf 84' lang='lat' dir='ltr'>nominis</span> <span class='ocrx_word' id='word_1_119' title='bbox 1256 1801 1347 1862; x_wconf 79' lang='lat' dir='ltr'>torma</span> 
     </span>
     <span class='ocr_line' id='line_1_16' title="bbox 175 1895 1348 1961; baseline 0.002 -5"><span class='ocrx_word' id='word_1_120' title='bbox 175 1905 270 1957; x_wconf 88' lang='lat' dir='ltr'>metro</span> <span class='ocrx_word' id='word_1_121' title='bbox 300 1896 428 1959; x_wconf 91' lang='lat' dir='ltr'>stabilita</span> <span class='ocrx_word' id='word_1_122' title='bbox 462 1899 492 1960; x_wconf 87' lang='lat' dir='ltr'><em>T</em></span> <span class='ocrx_word' id='word_1_123' title='bbox 517 1897 559 1960; x_wconf 87' lang='grc'>88</span> <span class='ocrx_word' id='word_1_124' title='bbox 589 1907 619 1960; x_wconf 93' lang='lat' dir='ltr'>et</span> <span class='ocrx_word' id='word_1_125' title='bbox 646 1899 679 1960; x_wconf 75' lang='grc' dir='ltr'><em>Ω</em></span> <span class='ocrx_word' id='word_1_126' title='bbox 702 1895 754 1960; x_wconf 93' lang='grc'>28.</span> <span class='ocrx_word' id='word_1_127' title='bbox 800 1899 873 1960; x_wconf 90' lang='lat' dir='ltr'>Nam</span> <span class='ocrx_word' id='word_1_128' title='bbox 898 1897 929 1960; x_wconf 90' lang='grc' dir='ltr'>Γ</span> <span class='ocrx_word' id='word_1_129' title='bbox 950 1897 1014 1961; x_wconf 89' lang='grc'>100</span> <span class='ocrx_word' id='word_1_130' title='bbox 1047 1907 1076 1958; x_wconf 92' lang='lat' dir='ltr'>et</span> <span class='ocrx_word' id='word_1_131' title='bbox 1105 1900 1229 1959; x_wconf 80' lang='lat' dir='ltr'>tortasse</span> <span class='ocrx_word' id='word_1_132' title='bbox 1259 1899 1348 1958; x_wconf 89' lang='lat' dir='ltr'>etiam</span> 
     </span>
     <span class='ocr_line' id='line_1_17' title="bbox 175 1986 1348 2078; baseline 0.002 -24"><span class='ocrx_word' id='word_1_133' title='bbox 175 1995 202 2054; x_wconf 90' lang='grc' dir='ltr'>Ζ</span> <span class='ocrx_word' id='word_1_134' title='bbox 221 1993 286 2058; x_wconf 86' lang='grc'>356</span> <span class='ocrx_word' id='word_1_135' title='bbox 304 1986 526 2076; x_wconf 75' lang='grc' dir='ltr'><strong><em>Ἀλεξάνδρου</em></strong></span> <span class='ocrx_word' id='word_1_136' title='bbox 548 1986 635 2057; x_wconf 81' lang='grc' dir='ltr'><strong><em>ἕνεκ’</em></strong></span> <span class='ocrx_word' id='word_1_137' title='bbox 661 1987 764 2078; x_wconf 74' lang='grc' dir='ltr'><strong><em>ἀρχῆς</em></strong></span> <span class='ocrx_word' id='word_1_138' title='bbox 786 1999 886 2075; x_wconf 89' lang='lat' dir='ltr'>potius</span> <span class='ocrx_word' id='word_1_139' title='bbox 910 2015 998 2074; x_wconf 85' lang='lat' dir='ltr'>quam</span> <span class='ocrx_word' id='word_1_140' title='bbox 1016 1988 1237 2075; x_wconf 72' lang='grc' dir='ltr'><strong><em>Ἀλεξάνδρου</em></strong></span> <span class='ocrx_word' id='word_1_141' title='bbox 1260 1986 1348 2057; x_wconf 81' lang='grc' dir='ltr'><strong><em>ἕνεκ’</em></strong></span> 
     </span>
     <span class='ocr_line' id='line_1_18' title="bbox 175 2085 1350 2173; baseline 0 -19"><span class='ocrx_word' id='word_1_142' title='bbox 175 2085 255 2173; x_wconf 77' lang='grc' dir='ltr'><strong><em>ἄτης</em></strong></span> <span class='ocrx_word' id='word_1_143' title='bbox 292 2093 479 2172; x_wconf 90' lang='lat' dir='ltr'>probandum</span> <span class='ocrx_word' id='word_1_144' title='bbox 511 2112 577 2155; x_wconf 87' lang='lat' dir='ltr'>esse</span> <span class='ocrx_word' id='word_1_145' title='bbox 610 2096 717 2156; x_wconf 91' lang='lat' dir='ltr'>merito</span> <span class='ocrx_word' id='word_1_146' title='bbox 749 2093 799 2154; x_wconf 89' lang='lat' dir='ltr'>ille</span> <span class='ocrx_word' id='word_1_147' title='bbox 830 2095 954 2154; x_wconf 90' lang='lat' dir='ltr'>monuit.</span> <span class='ocrx_word' id='word_1_148' title='bbox 1000 2092 1122 2154; x_wconf 77' lang='lat' dir='ltr'>Accedit</span> <span class='ocrx_word' id='word_1_149' title='bbox 1155 2092 1233 2173; x_wconf 88' lang='lat' dir='ltr'>quod</span> <span class='ocrx_word' id='word_1_150' title='bbox 1267 2092 1350 2154; x_wconf 89' lang='lat' dir='ltr'>verbi</span> 
     </span>
     <span class='ocr_line' id='line_1_19' title="bbox 175 2183 1349 2271; baseline 0.001 -19"><span class='ocrx_word' id='word_1_151' title='bbox 175 2208 310 2270; x_wconf 88' lang='lat' dir='ltr'>quoque,</span> <span class='ocrx_word' id='word_1_152' title='bbox 339 2191 418 2254; x_wconf 91' lang='lat' dir='ltr'>unde</span> <span class='ocrx_word' id='word_1_153' title='bbox 446 2209 554 2252; x_wconf 92' lang='lat' dir='ltr'>nomen</span> <span class='ocrx_word' id='word_1_154' title='bbox 578 2183 640 2271; x_wconf 81' lang='grc' dir='ltr'>ἄτη</span> <span class='ocrx_word' id='word_1_155' title='bbox 664 2191 810 2253; x_wconf 81' lang='lat' dir='ltr'>deflexum</span> <span class='ocrx_word' id='word_1_156' title='bbox 835 2199 894 2270; x_wconf 89' lang='lat' dir='ltr'>est,</span> <span class='ocrx_word' id='word_1_157' title='bbox 918 2199 1087 2252; x_wconf 89' lang='lat' dir='ltr'>contractae</span> <span class='ocrx_word' id='word_1_158' title='bbox 1111 2192 1222 2251; x_wconf 77' lang='lat' dir='ltr'>formae</span> <span class='ocrx_word' id='word_1_159' title='bbox 1246 2183 1349 2253; x_wconf 77' lang='grc' dir='ltr'><strong><em>ἄσατο</em></strong></span> 
     </span>
     <span class='ocr_line' id='line_1_20' title="bbox 179 2273 1350 2368; baseline -0.002 -18"><span class='ocrx_word' id='word_1_160' title='bbox 179 2289 210 2350; x_wconf 88' lang='grc' dir='ltr'><em>Τ</em></span> <span class='ocrx_word' id='word_1_161' title='bbox 228 2285 272 2350; x_wconf 87' lang='lat'>95</span> <span class='ocrx_word' id='word_1_162' title='bbox 301 2297 332 2349; x_wconf 94' lang='lat' dir='ltr'>et</span> <span class='ocrx_word' id='word_1_163' title='bbox 354 2273 415 2350; x_wconf 84' lang='grc' dir='ltr'>ἇσε</span> <span class='ocrx_word' id='word_1_164' title='bbox 438 2291 457 2350; x_wconf 79' lang='grc' dir='ltr'><em>λ</em></span> <span class='ocrx_word' id='word_1_165' title='bbox 481 2287 521 2352; x_wconf 93' lang='grc'>61</span> <span class='ocrx_word' id='word_1_166' title='bbox 547 2289 672 2350; x_wconf 85' lang='lat' dir='ltr'>convelli</span> <span class='ocrx_word' id='word_1_167' title='bbox 695 2297 857 2368; x_wconf 89' lang='lat' dir='ltr'>nequeunt.</span> <span class='ocrx_word' id='word_1_168' title='bbox 902 2288 961 2348; x_wconf 88' lang='lat' dir='ltr'>Sed</span> <span class='ocrx_word' id='word_1_169' title='bbox 985 2305 1053 2349; x_wconf 91' lang='lat' dir='ltr'>cnm</span> <span class='ocrx_word' id='word_1_170' title='bbox 1077 2286 1215 2350; x_wconf 77' lang='lat' dir='ltr'>diductae</span> <span class='ocrx_word' id='word_1_171' title='bbox 1239 2289 1350 2350; x_wconf 89' lang='lat' dir='ltr'>lormae</span> 
     </span>
     <span class='ocr_line' id='line_1_21' title="bbox 175 2377 1351 2472; baseline 0 -26"><span class='ocrx_word' id='word_1_172' title='bbox 175 2377 290 2466; x_wconf 78' lang='grc' dir='ltr'><em>ἀάσθη</em></span> <span class='ocrx_word' id='word_1_173' title='bbox 312 2377 439 2447; x_wconf 79' lang='grc' dir='ltr'><em>ἀάσατο</em></span> <span class='ocrx_word' id='word_1_174' title='bbox 459 2377 558 2447; x_wconf 78' lang='lat' dir='ltr'>deicae</span> <span class='ocrx_word' id='word_1_175' title='bbox 577 2385 713 2447; x_wconf 89' lang='lat' dir='ltr'>crebrius</span> <span class='ocrx_word' id='word_1_176' title='bbox 731 2388 1066 2472; x_wconf 68' lang='lat' dir='ltr'>occurrantpessimos</span> <span class='ocrx_word' id='word_1_177' title='bbox 1087 2404 1227 2447; x_wconf 88' lang='lat' dir='ltr'>numeros</span> <span class='ocrx_word' id='word_1_178' title='bbox 1246 2404 1351 2446; x_wconf 85' lang='lat' dir='ltr'>versus</span> 
     </span>
     <span class='ocr_line' id='line_1_22' title="bbox 175 2475 1350 2566; baseline 0 -22"><span class='ocrx_word' id='word_1_179' title='bbox 175 2484 204 2544; x_wconf 83' lang='grc' dir='ltr'>Θ</span> <span class='ocrx_word' id='word_1_180' title='bbox 231 2479 297 2546; x_wconf 77' lang='grc'>237</span> <span class='ocrx_word' id='word_1_181' title='bbox 326 2475 401 2566; x_wconf 75' lang='grc' dir='ltr'>τῇδ’</span> <span class='ocrx_word' id='word_1_182' title='bbox 432 2475 493 2566; x_wconf 73' lang='grc' dir='ltr'>ἄτῃ</span> <span class='ocrx_word' id='word_1_183' title='bbox 522 2476 607 2557; x_wconf 82' lang='grc' dir='ltr'>ἅσας</span> <span class='ocrx_word' id='word_1_184' title='bbox 633 2485 691 2546; x_wconf 82' lang='grc' dir='ltr'>καί</span> <span class='ocrx_word' id='word_1_185' title='bbox 716 2503 775 2564; x_wconf 85' lang='grc' dir='ltr'>μιν</span> <span class='ocrx_word' id='word_1_186' title='bbox 802 2477 885 2563; x_wconf 80' lang='grc' dir='ltr'><strong><em>μέγα</em></strong></span> <span class='ocrx_word' id='word_1_187' title='bbox 912 2481 1016 2556; x_wconf 77' lang='grc' dir='ltr'><strong><em>κῦδος</em></strong></span> <span class='ocrx_word' id='word_1_188' title='bbox 1043 2475 1189 2562; x_wconf 74' lang='grc' dir='ltr'><strong><em>ἀπούρας</em></strong></span> <span class='ocrx_word' id='word_1_189' title='bbox 1221 2485 1350 2563; x_wconf 89' lang='lat' dir='ltr'>reposita</span> 
     </span>
     <span class='ocr_line' id='line_1_23' title="bbox 177 2571 822 2660; baseline -0.002 -18"><span class='ocrx_word' id='word_1_190' title='bbox 177 2582 270 2642; x_wconf 79' lang='lat' dir='ltr'>torma</span> <span class='ocrx_word' id='word_1_191' title='bbox 295 2571 402 2654; x_wconf 75' lang='grc' dir='ltr'><strong><em>ἄασας</em></strong></span> <span class='ocrx_word' id='word_1_192' title='bbox 424 2580 573 2660; x_wconf 75' lang='lat' dir='ltr'>perpolite</span> <span class='ocrx_word' id='word_1_193' title='bbox 598 2600 656 2643; x_wconf 94' lang='lat' dir='ltr'>non</span> <span class='ocrx_word' id='word_1_194' title='bbox 680 2580 822 2643; x_wconf 87' lang='lat' dir='ltr'>dubitavi.</span> 
     </span>
    </p>

    <p class='ocr_par' dir='ltr' id='par_1_7' title="bbox 176 2665 1356 3720">
     <span class='ocr_line' id='line_1_24' title="bbox 265 2665 1354 2752; baseline -0.003 -11"><span class='ocrx_word' id='word_1_195' title='bbox 265 2665 344 2752; x_wconf 80' lang='grc' dir='ltr'><strong><em>ἆτος</em></strong></span> <span class='ocrx_word' id='word_1_196' title='bbox 377 2697 445 2740; x_wconf 88' lang='lat' dir='ltr'>cum</span> <span class='ocrx_word' id='word_1_197' title='bbox 477 2679 616 2740; x_wconf 89' lang='lat' dir='ltr'>omnibus</span> <span class='ocrx_word' id='word_1_198' title='bbox 648 2678 721 2740; x_wconf 88' lang='lat' dir='ltr'>locis</span> <span class='ocrx_word' id='word_1_199' title='bbox 750 2679 781 2740; x_wconf 85' lang='lat' dir='ltr'><em>E</em></span> <span class='ocrx_word' id='word_1_200' title='bbox 806 2676 880 2741; x_wconf 91' lang='grc'>388.</span> <span class='ocrx_word' id='word_1_201' title='bbox 909 2677 982 2742; x_wconf 87' lang='grc'>803.</span> <span class='ocrx_word' id='word_1_202' title='bbox 1011 2680 1038 2740; x_wconf 92' lang='grc' dir='ltr'>Ζ</span> <span class='ocrx_word' id='word_1_203' title='bbox 1066 2675 1140 2741; x_wconf 91' lang='grc'>203.</span> <span class='ocrx_word' id='word_1_204' title='bbox 1167 2679 1196 2738; x_wconf 87' lang='lat' dir='ltr'><em>A</em></span> <span class='ocrx_word' id='word_1_205' title='bbox 1218 2674 1294 2740; x_wconf 91' lang='grc'>430.</span> <span class='ocrx_word' id='word_1_206' title='bbox 1319 2679 1354 2738; x_wconf 93' lang='grc' dir='ltr'><em>Ν</em></span> 
     </span>
     <span class='ocr_line' id='line_1_25' title="bbox 178 2773 1352 2854; baseline -0.002 -16"><span class='ocrx_word' id='word_1_207' title='bbox 178 2774 252 2838; x_wconf 80' lang='grc'>746.</span> <span class='ocrx_word' id='word_1_208' title='bbox 273 2777 306 2838; x_wconf 84' lang='grc' dir='ltr'><strong><em>Χ</em></strong></span> <span class='ocrx_word' id='word_1_209' title='bbox 321 2773 395 2838; x_wconf 87' lang='grc'>218.</span> <span class='ocrx_word' id='word_1_210' title='bbox 415 2797 435 2837; x_wconf 95' lang='grc' dir='ltr'><strong><em>ν</em></strong></span> <span class='ocrx_word' id='word_1_211' title='bbox 455 2773 529 2838; x_wconf 88' lang='grc'>293.</span> <span class='ocrx_word' id='word_1_212' title='bbox 545 2776 613 2837; x_wconf 91' lang='lat' dir='ltr'>Hes.</span> <span class='ocrx_word' id='word_1_213' title='bbox 628 2776 725 2854; x_wconf 85' lang='lat' dir='ltr'>tbeog.</span> <span class='ocrx_word' id='word_1_214' title='bbox 743 2773 815 2838; x_wconf 83' lang='grc'>714.</span> <span class='ocrx_word' id='word_1_215' title='bbox 836 2785 911 2838; x_wconf 88' lang='lat' dir='ltr'>seut.</span> <span class='ocrx_word' id='word_1_216' title='bbox 931 2773 973 2838; x_wconf 79' lang='lat'>59</span> <span class='ocrx_word' id='word_1_217' title='bbox 990 2779 1159 2838; x_wconf 79' lang='lat' dir='ltr'>insatiatam</span> <span class='ocrx_word' id='word_1_218' title='bbox 1176 2776 1220 2837; x_wconf 90' lang='lat' dir='ltr'>vel</span> <span class='ocrx_word' id='word_1_219' title='bbox 1235 2777 1352 2836; x_wconf 89' lang='lat' dir='ltr'>insatia-</span> 
     </span>
     <span class='ocr_line' id='line_1_26' title="bbox 176 2865 1353 2954; baseline 0 -20"><span class='ocrx_word' id='word_1_220' title='bbox 176 2874 266 2936; x_wconf 88' lang='lat' dir='ltr'>bilem</span> <span class='ocrx_word' id='word_1_221' title='bbox 296 2875 457 2954; x_wconf 80' lang='lat' dir='ltr'>significet,</span> <span class='ocrx_word' id='word_1_222' title='bbox 485 2893 520 2934; x_wconf 84' lang='lat' dir='ltr'>ex</span> <span class='ocrx_word' id='word_1_223' title='bbox 550 2866 651 2946; x_wconf 77' lang='grc' dir='ltr'><strong><em>ἄατος</em></strong></span> <span class='ocrx_word' id='word_1_224' title='bbox 679 2865 801 2946; x_wconf 77' lang='grc' dir='ltr'><strong><em>ἄσωτος</em></strong></span> <span class='ocrx_word' id='word_1_225' title='bbox 829 2867 881 2954; x_wconf 86' lang='lat' dir='ltr'>(cl.</span> <span class='ocrx_word' id='word_1_226' title='bbox 910 2874 1031 2936; x_wconf 89' lang='lat' dir='ltr'>Curtius</span> <span class='ocrx_word' id='word_1_227' title='bbox 1060 2873 1155 2954; x_wconf 81' lang='lat' dir='ltr'>Etym.</span> <span class='ocrx_word' id='word_1_228' title='bbox 1183 2892 1211 2952; x_wconf 92' lang='lat' dir='ltr'>p.</span> <span class='ocrx_word' id='word_1_229' title='bbox 1235 2870 1299 2936; x_wconf 89' lang='grc'>398</span> <span class='ocrx_word' id='word_1_230' title='bbox 1323 2881 1353 2934; x_wconf 89' lang='lat' dir='ltr'>et</span> 
     </span>
     <span class='ocr_line' id='line_1_27' title="bbox 177 2966 1352 3056; baseline 0 -24"><span class='ocrx_word' id='word_1_231' title='bbox 177 2972 209 3034; x_wconf 94' lang='lat' dir='ltr'>L.</span> <span class='ocrx_word' id='word_1_232' title='bbox 239 2971 340 3051; x_wconf 80' lang='lat' dir='ltr'>bleyer</span> <span class='ocrx_word' id='word_1_233' title='bbox 367 2971 402 3031; x_wconf 91' lang='lat' dir='ltr'>ll.</span> <span class='ocrx_word' id='word_1_234' title='bbox 430 2970 459 3032; x_wconf 92' lang='lat' dir='ltr'>Z.</span> <span class='ocrx_word' id='word_1_235' title='bbox 485 2969 566 3031; x_wconf 88' lang='lat' dir='ltr'>XXll</span> <span class='ocrx_word' id='word_1_236' title='bbox 589 2966 669 3056; x_wconf 77' lang='lat'>470)</span> <span class='ocrx_word' id='word_1_237' title='bbox 697 2982 796 3033; x_wconf 90' lang='lat' dir='ltr'>ortum</span> <span class='ocrx_word' id='word_1_238' title='bbox 822 2990 890 3046; x_wconf 85' lang='lat' dir='ltr'>esse</span> <span class='ocrx_word' id='word_1_239' title='bbox 920 2979 1056 3051; x_wconf 83' lang='lat' dir='ltr'>apparet3</span> <span class='ocrx_word' id='word_1_240' title='bbox 1084 2990 1172 3051; x_wconf 90' lang='lat' dir='ltr'>quam</span> <span class='ocrx_word' id='word_1_241' title='bbox 1202 2971 1352 3033; x_wconf 86' lang='lat' dir='ltr'>diductam</span> 
     </span>
     <span class='ocr_line' id='line_1_28' title="bbox 177 3061 1353 3151; baseline -0.001 -21"><span class='ocrx_word' id='word_1_242' title='bbox 177 3071 303 3132; x_wconf 78' lang='lat' dir='ltr'>formam</span> <span class='ocrx_word' id='word_1_243' title='bbox 338 3087 375 3130; x_wconf 92' lang='lat' dir='ltr'>ne</span> <span class='ocrx_word' id='word_1_244' title='bbox 408 3088 444 3130; x_wconf 85' lang='lat' dir='ltr'>ex</span> <span class='ocrx_word' id='word_1_245' title='bbox 476 3069 630 3130; x_wconf 87' lang='lat' dir='ltr'>codicibus</span> <span class='ocrx_word' id='word_1_246' title='bbox 664 3068 784 3130; x_wconf 85' lang='lat' dir='ltr'>Hesiodi</span> <span class='ocrx_word' id='word_1_247' title='bbox 818 3069 993 3146; x_wconf 83' lang='lat' dir='ltr'>theogoniae</span> <span class='ocrx_word' id='word_1_248' title='bbox 1026 3063 1078 3150; x_wconf 86' lang='lat' dir='ltr'>(cl.</span> <span class='ocrx_word' id='word_1_249' title='bbox 1113 3088 1138 3129; x_wconf 88' lang='lat' dir='ltr'>v.</span> <span class='ocrx_word' id='word_1_250' title='bbox 1167 3068 1185 3130; x_wconf 94' lang='lat' dir='ltr'>l.</span> <span class='ocrx_word' id='word_1_251' title='bbox 1216 3069 1249 3128; x_wconf 85' lang='lat' dir='ltr'><em>X</em></span> <span class='ocrx_word' id='word_1_252' title='bbox 1274 3061 1353 3151; x_wconf 90' lang='grc'>218)</span> 
     </span>
     <span class='ocr_line' id='line_1_29' title="bbox 177 3164 1354 3246; baseline -0.002 -17"><span class='ocrx_word' id='word_1_253' title='bbox 177 3185 367 3246; x_wconf 87' lang='lat' dir='ltr'>revocemus,</span> <span class='ocrx_word' id='word_1_254' title='bbox 396 3184 456 3226; x_wconf 92' lang='lat' dir='ltr'>non</span> <span class='ocrx_word' id='word_1_255' title='bbox 484 3165 559 3227; x_wconf 93' lang='lat' dir='ltr'>nibil</span> <span class='ocrx_word' id='word_1_256' title='bbox 578 3167 697 3228; x_wconf 91' lang='lat' dir='ltr'>obstare</span> <span class='ocrx_word' id='word_1_257' title='bbox 718 3165 847 3226; x_wconf 86' lang='lat' dir='ltr'>vocalem</span> <span class='ocrx_word' id='word_1_258' title='bbox 867 3164 984 3244; x_wconf 83' lang='lat' dir='ltr'>longam</span> <span class='ocrx_word' id='word_1_259' title='bbox 1003 3173 1169 3226; x_wconf 90' lang='lat' dir='ltr'>ceterarum</span> <span class='ocrx_word' id='word_1_260' title='bbox 1191 3167 1354 3227; x_wconf 82' lang='lat' dir='ltr'>formarum</span> 
     </span>
     <span class='ocr_line' id='line_1_30' title="bbox 177 3250 1354 3344; baseline -0.003 -17"><span class='ocrx_word' id='word_1_261' title='bbox 177 3250 259 3327; x_wconf 84' lang='grc' dir='ltr'>ἆσαι</span> <span class='ocrx_word' id='word_1_262' title='bbox 278 3255 428 3326; x_wconf 75' lang='grc' dir='ltr'>ἄσασθαι</span> <span class='ocrx_word' id='word_1_263' title='bbox 446 3254 571 3325; x_wconf 76' lang='grc' dir='ltr'><em>ἄσεσθε</em></span> <span class='ocrx_word' id='word_1_264' title='bbox 595 3255 715 3344; x_wconf 76' lang='grc' dir='ltr'><strong><em>ἄμεναι</em></strong></span> <span class='ocrx_word' id='word_1_265' title='bbox 734 3264 850 3324; x_wconf 90' lang='lat' dir='ltr'>monuit</span> <span class='ocrx_word' id='word_1_266' title='bbox 868 3261 1067 3322; x_wconf 85' lang='lat' dir='ltr'>Buttmannus</span> <span class='ocrx_word' id='word_1_267' title='bbox 1086 3264 1117 3322; x_wconf 92' lang='lat' dir='ltr'>in</span> <span class='ocrx_word' id='word_1_268' title='bbox 1137 3261 1229 3323; x_wconf 82' lang='lat' dir='ltr'>Lexil.</span> <span class='ocrx_word' id='word_1_269' title='bbox 1248 3260 1260 3321; x_wconf 94' lang='lat' dir='ltr'>l</span> <span class='ocrx_word' id='word_1_270' title='bbox 1279 3260 1354 3324; x_wconf 91' lang='grc'>230.</span> 
     </span>
     <span class='ocr_line' id='line_1_31' title="bbox 179 3351 1354 3437; baseline -0.003 -13"><span class='ocrx_word' id='word_1_271' title='bbox 179 3362 237 3424; x_wconf 92' lang='lat' dir='ltr'>Sed</span> <span class='ocrx_word' id='word_1_272' title='bbox 259 3369 358 3424; x_wconf 88' lang='lat' dir='ltr'>tamen</span> <span class='ocrx_word' id='word_1_273' title='bbox 378 3370 538 3424; x_wconf 83' lang='lat' dir='ltr'>excusatur</span> <span class='ocrx_word' id='word_1_274' title='bbox 556 3371 587 3424; x_wconf 93' lang='lat' dir='ltr'>et</span> <span class='ocrx_word' id='word_1_275' title='bbox 608 3360 778 3423; x_wconf 90' lang='lat' dir='ltr'>delenditur</span> <span class='ocrx_word' id='word_1_276' title='bbox 796 3360 917 3422; x_wconf 85' lang='lat' dir='ltr'>audacia</span> <span class='ocrx_word' id='word_1_277' title='bbox 933 3357 1043 3437; x_wconf 81' lang='lat' dir='ltr'>bleyeri</span> <span class='ocrx_word' id='word_1_278' title='bbox 1062 3371 1092 3420; x_wconf 88' lang='lat' dir='ltr'>et</span> <span class='ocrx_word' id='word_1_279' title='bbox 1106 3359 1231 3420; x_wconf 86' lang='lat' dir='ltr'>Nauckii</span> <span class='ocrx_word' id='word_1_280' title='bbox 1250 3351 1354 3421; x_wconf 81' lang='grc' dir='ltr'><strong><em>ἅᾶτον</em></strong></span> 
     </span>
     <span class='ocr_line' id='line_1_32' title="bbox 178 3445 1353 3536; baseline -0.003 -14"><span class='ocrx_word' id='word_1_281' title='bbox 178 3461 320 3523; x_wconf 87' lang='lat' dir='ltr'>omnibus</span> <span class='ocrx_word' id='word_1_282' title='bbox 347 3459 420 3520; x_wconf 91' lang='lat' dir='ltr'>locis</span> <span class='ocrx_word' id='word_1_283' title='bbox 444 3461 672 3522; x_wconf 85' lang='lat' dir='ltr'>restituentium</span> <span class='ocrx_word' id='word_1_284' title='bbox 701 3457 795 3519; x_wconf 88' lang='lat' dir='ltr'>vocali</span> <span class='ocrx_word' id='word_1_285' title='bbox 818 3445 954 3535; x_wconf 83' lang='lat' dir='ltr'>ambigua</span> <span class='ocrx_word' id='word_1_286' title='bbox 978 3465 1171 3536; x_wconf 82' lang='lat' dir='ltr'>cognatorum</span> <span class='ocrx_word' id='word_1_287' title='bbox 1196 3457 1353 3519; x_wconf 89' lang='lat' dir='ltr'>verborum</span> 
     </span>
     <span class='ocr_line' id='line_1_33' title="bbox 178 3551 1356 3642; baseline -0.008 -18"><span class='ocrx_word' id='word_1_288' title='bbox 178 3555 267 3642; x_wconf 72' lang='grc' dir='ltr'><strong><em>ἄδην</em></strong></span> <span class='ocrx_word' id='word_1_289' title='bbox 296 3559 328 3622; x_wconf 82' lang='lat' dir='ltr'><em>E</em></span> <span class='ocrx_word' id='word_1_290' title='bbox 353 3555 432 3638; x_wconf 84' lang='grc'>203,</span> <span class='ocrx_word' id='word_1_291' title='bbox 460 3553 546 3638; x_wconf 72' lang='grc' dir='ltr'><strong><em>ἅδην</em></strong></span> <span class='ocrx_word' id='word_1_292' title='bbox 569 3559 607 3620; x_wconf 89' lang='grc' dir='ltr'><em>Ν</em></span> <span class='ocrx_word' id='word_1_293' title='bbox 628 3555 700 3621; x_wconf 83' lang='grc'>315.</span> <span class='ocrx_word' id='word_1_294' title='bbox 725 3558 746 3618; x_wconf 89' lang='grc' dir='ltr'><em>Ι</em></span> <span class='ocrx_word' id='word_1_295' title='bbox 767 3553 842 3618; x_wconf 89' lang='grc'>423.</span> <span class='ocrx_word' id='word_1_296' title='bbox 867 3575 881 3616; x_wconf 83' lang='grc' dir='ltr'><em>ε</em></span> <span class='ocrx_word' id='word_1_297' title='bbox 906 3551 971 3616; x_wconf 88' lang='grc'>290</span> <span class='ocrx_word' id='word_1_298' title='bbox 997 3563 1027 3616; x_wconf 91' lang='lat' dir='ltr'>et</span> <span class='ocrx_word' id='word_1_299' title='bbox 1050 3555 1133 3617; x_wconf 90' lang='lat' dir='ltr'>brevi</span> <span class='ocrx_word' id='word_1_300' title='bbox 1157 3555 1250 3617; x_wconf 83' lang='lat' dir='ltr'>vocab</span> <span class='ocrx_word' id='word_1_301' title='bbox 1273 3555 1356 3616; x_wconf 88' lang='lat' dir='ltr'>latini</span> 
     </span>
     <span class='ocr_line' id='line_1_34' title="bbox 179 3651 452 3720; baseline -0.015 0"><span class='ocrx_word' id='word_1_302' title='bbox 179 3659 312 3720; x_wconf 89' lang='lat' dir='ltr'>nominis</span> <span class='ocrx_word' id='word_1_303' title='bbox 336 3651 452 3718; x_wconf 73' lang='lat' dir='ltr'>‘satur&#39;.</span> 
     </span>
    </p>

    <p class='ocr_par' dir='ltr' id='par_1_8' title="bbox 180 3745 1357 4222">
     <span class='ocr_line' id='line_1_35' title="bbox 269 3745 1356 3834; baseline -0.006 -19"><span class='ocrx_word' id='word_1_304' title='bbox 269 3745 438 3834; x_wconf 76' lang='grc' dir='ltr'>Ἀτρεΐδης</span> <span class='ocrx_word' id='word_1_305' title='bbox 470 3750 638 3832; x_wconf 72' lang='grc' dir='ltr'><em>Πηλεΐδης</em></span> <span class='ocrx_word' id='word_1_306' title='bbox 671 3749 834 3830; x_wconf 80' lang='grc' dir='ltr'><em>Τυδεΐδης</em></span> <span class='ocrx_word' id='word_1_307' title='bbox 863 3748 1056 3828; x_wconf 77' lang='grc' dir='ltr'><strong><em>Πηλεΐωνος</em></strong></span> <span class='ocrx_word' id='word_1_308' title='bbox 1088 3750 1217 3812; x_wconf 89' lang='lat' dir='ltr'>diductis</span> <span class='ocrx_word' id='word_1_309' title='bbox 1249 3749 1356 3810; x_wconf 89' lang='lat' dir='ltr'>mediis</span> 
     </span>
     <span class='ocr_line' id='line_1_36' title="bbox 180 3847 1356 3930; baseline -0.007 -16"><span class='ocrx_word' id='word_1_310' title='bbox 180 3853 334 3916; x_wconf 87' lang='lat' dir='ltr'>vocalibus</span> <span class='ocrx_word' id='word_1_311' title='bbox 359 3853 417 3912; x_wconf 85' lang='grc' dir='ltr'>ἰοιο</span> <span class='ocrx_word' id='word_1_312' title='bbox 435 3849 590 3912; x_wconf 79' lang='lat' dir='ltr'>bekkerus</span> <span class='ocrx_word' id='word_1_313' title='bbox 611 3853 740 3930; x_wconf 85' lang='lat' dir='ltr'>scripsit,</span> <span class='ocrx_word' id='word_1_314' title='bbox 763 3851 812 3910; x_wconf 89' lang='lat' dir='ltr'>eui</span> <span class='ocrx_word' id='word_1_315' title='bbox 832 3847 949 3908; x_wconf 90' lang='lat' dir='ltr'>doctius</span> <span class='ocrx_word' id='word_1_316' title='bbox 969 3866 1056 3927; x_wconf 85' lang='lat' dir='ltr'>quain</span> <span class='ocrx_word' id='word_1_317' title='bbox 1076 3850 1180 3908; x_wconf 87' lang='lat' dir='ltr'>scitius</span> <span class='ocrx_word' id='word_1_318' title='bbox 1199 3847 1356 3908; x_wconf 86' lang='lat' dir='ltr'>oblocutus</span> 
     </span>
     <span class='ocr_line' id='line_1_37' title="bbox 181 3945 1356 4028; baseline -0.01 -16"><span class='ocrx_word' id='word_1_319' title='bbox 181 3959 229 4013; x_wconf 87' lang='lat' dir='ltr'>est</span> <span class='ocrx_word' id='word_1_320' title='bbox 249 3949 293 4010; x_wconf 91' lang='lat' dir='ltr'>W.</span> <span class='ocrx_word' id='word_1_321' title='bbox 313 3949 345 4010; x_wconf 84' lang='grc'>0.</span> <span class='ocrx_word' id='word_1_322' title='bbox 365 3947 514 4028; x_wconf 79' lang='lat' dir='ltr'>Kayserus</span> <span class='ocrx_word' id='word_1_323' title='bbox 536 3949 567 4007; x_wconf 91' lang='lat' dir='ltr'>in</span> <span class='ocrx_word' id='word_1_324' title='bbox 591 3950 764 4008; x_wconf 87' lang='lat' dir='ltr'>recensione</span> <span class='ocrx_word' id='word_1_325' title='bbox 784 3948 958 4024; x_wconf 87' lang='lat' dir='ltr'>ceteroquin</span> <span class='ocrx_word' id='word_1_326' title='bbox 978 3947 1199 4006; x_wconf 85' lang='lat' dir='ltr'>accuratissima</span> <span class='ocrx_word' id='word_1_327' title='bbox 1218 3945 1356 4005; x_wconf 87' lang='lat' dir='ltr'>editionis</span> 
     </span>
     <span class='ocr_line' id='line_1_38' title="bbox 181 4041 1357 4122; baseline -0.008 -13"><span class='ocrx_word' id='word_1_328' title='bbox 181 4048 384 4110; x_wconf 84' lang='lat' dir='ltr'>Bekkerisnne</span> <span class='ocrx_word' id='word_1_329' title='bbox 417 4049 447 4107; x_wconf 94' lang='lat' dir='ltr'>in</span> <span class='ocrx_word' id='word_1_330' title='bbox 471 4045 580 4106; x_wconf 84' lang='lat' dir='ltr'>Philol-</span> <span class='ocrx_word' id='word_1_331' title='bbox 599 4043 691 4106; x_wconf 87' lang='lat' dir='ltr'>lllllll</span> <span class='ocrx_word' id='word_1_332' title='bbox 719 4043 793 4107; x_wconf 88' lang='grc'>660.</span> <span class='ocrx_word' id='word_1_333' title='bbox 839 4041 901 4104; x_wconf 87' lang='lat' dir='ltr'>Nos</span> <span class='ocrx_word' id='word_1_334' title='bbox 931 4042 1049 4122; x_wconf 91' lang='lat' dir='ltr'>quidem</span> <span class='ocrx_word' id='word_1_335' title='bbox 1079 4041 1215 4102; x_wconf 89' lang='lat' dir='ltr'>diductas</span> <span class='ocrx_word' id='word_1_336' title='bbox 1239 4043 1357 4120; x_wconf 88' lang='lat' dir='ltr'>iormss,</span> 
     </span>
     <span class='ocr_line' id='line_1_39' title="bbox 181 4139 1356 4222; baseline -0.008 -15"><span class='ocrx_word' id='word_1_337' title='bbox 181 4165 252 4208; x_wconf 88' lang='lat' dir='ltr'>oum</span> <span class='ocrx_word' id='word_1_338' title='bbox 281 4144 382 4206; x_wconf 89' lang='lat' dir='ltr'>nullus</span> <span class='ocrx_word' id='word_1_339' title='bbox 405 4144 489 4204; x_wconf 90' lang='lat' dir='ltr'>loeus</span> <span class='ocrx_word' id='word_1_340' title='bbox 512 4161 562 4204; x_wconf 90' lang='lat' dir='ltr'>eas</span> <span class='ocrx_word' id='word_1_341' title='bbox 586 4152 777 4222; x_wconf 84' lang='lat' dir='ltr'>aspernetur,</span> <span class='ocrx_word' id='word_1_342' title='bbox 805 4139 878 4200; x_wconf 90' lang='lat' dir='ltr'>adeo</span> <span class='ocrx_word' id='word_1_343' title='bbox 903 4157 960 4200; x_wconf 91' lang='lat' dir='ltr'>non</span> <span class='ocrx_word' id='word_1_344' title='bbox 985 4141 1161 4218; x_wconf 90' lang='lat' dir='ltr'>sprevimus,</span> <span class='ocrx_word' id='word_1_345' title='bbox 1185 4145 1219 4198; x_wconf 92' lang='lat' dir='ltr'>ut</span> <span class='ocrx_word' id='word_1_346' title='bbox 1241 4145 1356 4198; x_wconf 89' lang='lat' dir='ltr'>tantum</span> 
     </span>
    </p>
   </div>
   <div class='ocr_carea' id='block_1_3' title="bbox 184 4350 1358 4508">
    <p class='ocr_par' dir='ltr' id='par_1_9' title="bbox 184 4350 1358 4508">
     <span class='ocr_line' id='line_1_40' title="bbox 274 4350 1358 4430; baseline -0.006 -15"><span class='ocrx_word' id='word_1_347' title='bbox 274 4365 301 4430; x_wconf 89' lang='lat'>1)</span> <span class='ocrx_word' id='word_1_348' title='bbox 319 4359 412 4414; x_wconf 78' lang='lat' dir='ltr'>Etiam</span> <span class='ocrx_word' id='word_1_349' title='bbox 437 4360 551 4414; x_wconf 85' lang='lat' dir='ltr'>verbum</span> <span class='ocrx_word' id='word_1_350' title='bbox 575 4356 725 4428; x_wconf 77' lang='grc' dir='ltr'>στιχᾶομαι</span> <span class='ocrx_word' id='word_1_351' title='bbox 744 4357 842 4412; x_wconf 83' lang='lat' dir='ltr'>dubito</span> <span class='ocrx_word' id='word_1_352' title='bbox 866 4372 902 4410; x_wconf 81' lang='lat' dir='ltr'>an</span> <span class='ocrx_word' id='word_1_353' title='bbox 920 4355 993 4408; x_wconf 79' lang='lat' dir='ltr'>falso</span> <span class='ocrx_word' id='word_1_354' title='bbox 1012 4350 1189 4423; x_wconf 76' lang='lat' dir='ltr'>grammatici</span> <span class='ocrx_word' id='word_1_355' title='bbox 1208 4353 1358 4408; x_wconf 75' lang='lat' dir='ltr'>commenti</span> 
     </span>
     <span class='ocr_line' id='line_1_41' title="bbox 184 4430 1296 4508; baseline -0.01 -11"><span class='ocrx_word' id='word_1_356' title='bbox 184 4441 250 4508; x_wconf 77' lang='lat' dir='ltr'>sint,</span> <span class='ocrx_word' id='word_1_357' title='bbox 269 4441 385 4496; x_wconf 76' lang='lat' dir='ltr'>diducto</span> <span class='ocrx_word' id='word_1_358' title='bbox 403 4438 496 4494; x_wconf 81' lang='lat' dir='ltr'>forma</span> <span class='ocrx_word' id='word_1_359' title='bbox 515 4434 681 4508; x_wconf 74' lang='grc' dir='ltr'>ἐστιχόωντο</span> <span class='ocrx_word' id='word_1_360' title='bbox 701 4441 780 4507; x_wconf 87' lang='lat' dir='ltr'>(corr.</span> <span class='ocrx_word' id='word_1_361' title='bbox 801 4430 972 4505; x_wconf 77' lang='grc' dir='ltr'>ἐστιχόοντο)</span> <span class='ocrx_word' id='word_1_362' title='bbox 992 4432 1021 4488; x_wconf 87' lang='lat' dir='ltr'>in</span> <span class='ocrx_word' id='word_1_363' title='bbox 1040 4439 1163 4488; x_wconf 73' lang='lat' dir='ltr'>errorem</span> <span class='ocrx_word' id='word_1_364' title='bbox 1181 4431 1296 4488; x_wconf 82' lang='lat' dir='ltr'>inducti.</span> 
     </span>
    </p>
   </div>
   <div class='ocr_carea' id='block_1_4' title="bbox 238 4527 1145 4591">
    <p class='ocr_par' dir='ltr' id='par_1_10' title="bbox 238 4527 1145 4591">
     <span class='ocr_line' id='line_1_42' title="bbox 238 4527 1145 4591; baseline -0.004 -11"><span class='ocrx_word' id='word_1_365' title='bbox 238 4541 306 4591; x_wconf 73' lang='lat' dir='ltr'>mu,</span> <span class='ocrx_word' id='word_1_366' title='bbox 320 4539 355 4580; x_wconf 73' lang='lat' dir='ltr'>sa.</span> <span class='ocrx_word' id='word_1_367' title='bbox 372 4539 455 4579; x_wconf 71' lang='lat' dir='ltr'>onnus.</span> <span class='ocrx_word' id='word_1_368' title='bbox 1113 4527 1145 4576; x_wconf 75' lang='lat'>12</span> 
     </span>
    </p>
   </div>
   <div class='ocr_carea' id='block_1_5' title="bbox 0 0 1659 5104">
    <p class='ocr_par' dir='ltr' id='par_1_11' title="bbox 0 0 1659 5104">
     <span class='ocr_line' id='line_1_43' title="bbox 0 0 1659 5104; baseline 0 0"><span class='ocrx_word' id='word_1_369' title='bbox 0 0 1659 5104; x_wconf 95' lang='lat' dir='ltr'> </span> 
     </span>
    </p>
   </div>
  </div>
 </body>
</html>
