3276 5090
672 341 889 404 ..23-

191 505 316 566 inditam
348 523 413 566 esse
442 505 535 566 duxit.
587 504 666 564 Rene
695 506 773 563 enim
804 503 927 564 Wolfius
955 503 1197 584 interpolationes
1225 507 1366 584 quaedam

191 602 227 662 ad
251 604 383 663 carmina
406 601 506 663 Iliadis
529 604 641 662 arctius
665 603 743 661 inter
767 619 798 660 se
822 600 986 680 copulanda
1010 622 1025 664 a
1050 603 1206 681 rhapsodis
1230 603 1274 664 vel
1294 604 1366 665 Pisi-

189 702 313 762 strateis
340 700 455 761 additas
484 718 549 760 esse
577 699 731 777 divinavit,
764 700 815 760 sed
849 719 916 761 cum
945 719 995 762 eas
1028 701 1186 779 indagandi
1215 701 1366 782 diligentia

189 798 412 877 supersedisset
434 816 530 876 neque
550 799 624 858 fines
644 815 745 858 earum
765 798 1013 859 circumscribere
1033 806 1157 860 conatus
1176 809 1263 879 esset,
1287 803 1365 861 iusto

188 898 333 956 maiorem
357 897 394 955 iis
418 897 476 954 vim
500 895 614 957 tribuit,
652 897 741 974 Atqui
764 903 890 974 possunt
914 899 988 956 istae
1007 896 1251 974 interpolationes
1274 900 1365 958 certis

188 994 310 1054 iudiciis
343 993 525 1072 deprehendi
558 1003 646 1074 atque
680 996 813 1054 exsecari
845 1003 874 1054 et
908 995 1062 1054 maximam
1096 1003 1209 1071 partem
1243 997 1300 1056 iam
1329 995 1365 1055 ab

189 1091 364 1152 Aristarcho
393 1093 545 1170 indagatae
574 1101 604 1154 et
630 1112 644 1152 a
669 1091 804 1152 bekkero
828 1090 967 1170 expulsae
992 1098 1068 1151 sunt.
1116 1092 1211 1170 Atque
1237 1095 1365 1170 [trimum

189 1190 376 1250 diasceuasta
401 1191 501 1250 nescio
526 1192 592 1268 quis
616 1192 766 1251 orationes
790 1189 866 1249 lovis
891 1185 1068 1249 063-77
1094 1198 1123 1249 et
1146 1188 1364 1269 Pulydamantis

189 1287 228 1348 N
242 1284 416 1348 itt—iti
437 1288 477 1345 ita
496 1287 693 1368 amplificavit,
712 1296 745 1348 ut
762 1286 860 1346 lovem
879 1286 994 1347 latinas
1013 1305 1062 1347 res
1081 1305 1175 1366 usque
1194 1288 1229 1348 ad
1245 1287 1364 1370 Troiam

188 1385 297 1446 urbem
312 1384 379 1445 dolo
390 1383 537 1445 bliuervae
553 1389 614 1446 sive
629 1386 718 1466 lignei
733 1387 802 1464 equi
816 1393 932 1464 captam
948 1387 1191 1466 praesagientem,
1205 1385 1363 1447 Hectorem

187 1483 305 1544 cladem
335 1482 404 1545 libri
428 1485 522 1543 octavi
546 1487 755 1563 respicientem
780 1490 810 1542 et
832 1482 974 1544 Achillem
998 1483 1096 1543 denuo
1120 1482 1156 1542 ad
1180 1501 1260 1545 arma
1286 1488 1363 1546 exci-

188 1591 283 1642 tatum
309 1582 529 1660 praevidentem
554 1582 648 1643 iaciat.
686 1581 731 1642 Ab
755 1584 921 1642 recentiore
945 1590 1044 1642 autem
1068 1581 1269 1642 versificatore
1290 1585 1363 1642 istos

189 1698 296 1740 versus
324 1687 354 1738 et
382 1677 488 1739 similia
516 1682 683 1740 orationum
712 1683 894 1740 incrementa
916 1681 945 1740 Θ
969 1676 1158 1760 dis-528,
1187 1677 1360 1743 535-541

188 1787 219 1838 et
248 1777 278 1836 P
301 1772 478 1838 450-455
506 1776 604 1836 addita
633 1795 699 1837 esse
728 1786 758 1838 et
786 1795 886 1837 rerum
911 1787 941 1836 et
964 1778 1106 1838 orationis
1129 1776 1248 1838 indiciis
1273 1781 1362 1840 mani·

188 1876 275 1936 lestis
298 1883 427 1954 constat,
451 1892 525 1952 quae
547 1892 721 1936 enumerare
745 1875 865 1953 longum
885 1882 979 1936 estet
998 1877 1054 1935 iam
1074 1874 1111 1934 ab
1131 1873 1195 1934 aliis
1215 1877 1245 1936 iu
1265 1874 1361 1936 lucem

187 1981 341 2053 protracta
365 1980 442 2033 suni.

278 2071 390 2132 Deinde
419 2073 448 2130 iu
478 2071 536 2130 tine
565 2079 698 2131 veterum
727 2071 953 2150 longioremque
982 2073 1145 2131 carminum
1173 2074 1302 2148 partium
1330 2073 1365 2132 Σ

186 2167 376 2246 354-368,
391 2165 615 2248 Pedo-423,
633 2165 861 2248 0367-389,
876 2169 911 2228 N
924 2165 1109 2248 stu-360,
1123 2170 1167 2228 M
1179 2165 1362 2249 lid-181,

187 2269 216 2328 Ζ
240 2265 319 2346 311,
347 2275 435 2345 atque
464 2267 552 2326 ctiam
576 2267 605 2326 in
630 2266 753 2326 exordio
776 2283 920 2326 uovorum
944 2267 1109 2326 carminum
1133 2267 1164 2326 Ε
1186 2263 1359 2329 508-511

188 2373 219 2426 et
245 2365 274 2424 0
297 2361 481 2443 eto-614,
505 2382 564 2442 quo
588 2366 618 2424 in
643 2371 795 2425 statores
819 2370 918 2424 essent
941 2362 1069 2441 illepidis
1093 2363 1229 2424 versibus
1248 2363 1285 2424 ab
1304 2367 1361 2424 isto

186 2463 372 2524 diasceuasta
402 2463 569 2541 expositum
598 2470 651 2520 est,
697 2461 740 2524 Ad
769 2461 896 2523 eundem
925 2480 994 2522 vero
1020 2461 1249 2522 versificatorem
1273 2464 1360 2522 etiam

186 2564 305 2622 ieiunos
329 2577 433 2620 versus
452 2560 480 2620 Β
500 2557 684 2641 239-242,
709 2557 941 2638 uati-378,
965 2555 1152 2638 eie-40,
1176 2555 1361 2635 teo-468,

185 2654 378 2736 523-528,
408 2657 437 2718 A
468 2654 612 2737 78-83,
641 2657 670 2718 Ρ
694 2653 885 2735 545-546,
914 2656 944 2715 Ρ
966 2653 1143 2716 eti-616
1168 2654 1278 2734 resero,
1307 2657 1358 2732 qui

185 2755 366 2816 narrationis
389 2771 563 2832 processum
587 2756 679 2832 magis
702 2754 824 2815 turbant
843 2771 929 2832 qnam
950 2752 1111 2830 expediunt
1131 2763 1161 2812 et
1179 2751 1277 2832 simili,
1301 2770 1360 2830 qun

187 2852 239 2933 illi,
263 2850 387 2912 consilio
411 2851 503 2912 additi
527 2869 592 2912 esse
618 2852 764 2912 videntur.

278 2951 410 3028 lienique
434 2959 575 3027 cognatae
599 2949 707 3010 indolis
731 2955 801 3009 sunt
825 2966 929 3009 versus
953 2946 1100 3028 nonnulli,
1125 2951 1177 3026 qui
1199 2949 1234 3008 ad
1260 2958 1360 3028 partes

187 3050 334 3127 poematis
367 3049 396 3106 in
430 3047 600 3126 ampliorem
630 3046 772 3106 ambitum
800 3049 934 3124 provecti
963 3047 1075 3104 arctius
1103 3046 1300 3106 conectendas
1330 3055 1361 3106 et

187 3144 433 3224 conglutinandos
475 3145 644 3222 interpositi
685 3161 749 3202 esse
788 3144 933 3205 videntur.
990 3141 1113 3202 Etiamsi
1150 3144 1229 3202 enim
1267 3162 1359 3204 unum

186 3253 304 3323 poetam
336 3250 425 3302 totam
451 3240 569 3302 iliadem
599 3243 802 3320 composuisse
826 3241 938 3319 credas,
964 3248 1060 3300 tamen
1084 3246 1163 3298 certa
1189 3247 1219 3298 et
1243 3241 1359 3318 invicta,

186 3358 264 3420 quae
289 3345 394 3418 quarto
418 3341 514 3417 capite
539 3341 682 3418 aperiam,
706 3348 878 3416 argumenta
903 3336 1069 3418 prohibent,
1093 3339 1252 3415 quominus
1276 3337 1359 3399 illnm

185 3438 309 3514 longum
328 3455 403 3515 opus
423 3454 481 3516 qno
501 3445 604 3496 tenore
624 3438 665 3496 ita
683 3437 868 3515 perterruisse
884 3443 1004 3512 statuas,
1024 3445 1057 3494 ut
1071 3433 1203 3512 singulos
1218 3434 1359 3515 deinceps

186 3535 280 3596 libros
304 3541 496 3613 componeret
519 3542 547 3596 et
572 3533 741 3614 perpolirct.
788 3532 884 3596 lurum¹
908 3531 992 3611 longa
1016 3540 1183 3611 temporum
1207 3532 1359 3594 intervalla

185 3637 266 3694 inter
281 3635 405 3712 primam
421 3633 580 3694 secundam
595 3634 712 3692 tertiam
732 3639 846 3708 partem
865 3631 1009 3708 poematis
1028 3632 1233 3692 intercessisse
1249 3639 1279 3690 et
1292 3648 1358 3708 per-

185 3733 265 3791 lecto
290 3731 372 3808 operi
396 3728 545 3808 aliquanto
569 3737 637 3808 post
662 3727 800 3789 nonnulla
820 3730 948 3789 carmina
968 3727 1104 3787 adiuncta
1126 3747 1192 3788 esse
1212 3728 1356 3788 videntur.

185 3829 372 3888 Posteriores
400 3837 497 3887 autem
528 3835 717 3906 partescum
742 3826 893 3906 prioribus
916 3834 967 3887 aut
991 3831 1076 3903 poeta
1101 3827 1163 3904 ipse
1188 3832 1251 3904 aut,
1279 3829 1357 3902 quod

181 3925 253 4006 plus
273 3942 330 3984 una
350 3941 438 3984 causa
459 3926 521 3984 veri
540 3925 666 3985 similius
685 3934 739 4004 est,
760 3926 951 3986 diasceuasta,
963 3923 1010 3983 ille
1030 3927 1142 3985 arctius
1161 3921 1357 3982 conectendas

183 4021 322 4083 versibus
345 4021 458 4100 aliquot
483 4023 668 4100 interpositis
686 4024 809 4082 curavit.
847 4021 895 4082 Sic
915 4024 1038 4082 carmini
1057 4019 1100 4084 38
1120 4029 1275 4099 postquam
1295 4038 1357 4080 car-

183 4138 253 4182 men
274 4117 318 4180 40
336 4119 483 4180 adiectum
504 4129 558 4198 est,
581 4137 685 4180 versus
708 4121 746 4179 qr
764 4116 935 4181 titi-191
957 4120 1125 4196 interpositi
1145 4125 1228 4194 sunt,
1248 4115 1356 4196 quibus

181 4219 277 4279 animi
292 4217 460 4276 attditornm
477 4217 581 4277 lunerc
597 4236 705 4296 corpus
716 4217 853 4278 Hectoris
868 4235 927 4276 non
942 4218 1087 4295 privatum
1102 4216 1141 4274 iri
1154 4223 1356 4276 monerentur.

181 4315 394 4376 vetustissimo
423 4333 491 4374 vero
515 4312 591 4374 libro
617 4314 786 4394 undecimo,
814 4321 971 4394 postquam
996 4311 1160 4370 recentiore
1186 4309 1262 4371 libro
1285 4313 1357 4374 davn-

182 4415 301 4475 decimo
335 4411 431 4489 excipi
463 4419 587 4490 coeptus
620 4421 677 4494 est,
710 4431 813 4474 versus
848 4413 877 4472 Λ
904 4405 1036 4470 47-55
1069 4409 1290 4493 intuebantur,
1325 4421 1357 4473 ut
