3276 5090
648 413 869 478 ..51-

170 577 259 657 latur,
283 593 343 638 non
367 584 538 638 assecutum
561 585 615 655 est,
640 584 761 636 etcum
780 573 931 656 Glaucum,
955 579 1129 656 priusquam
1148 595 1218 636 suos
1236 575 1345 638 milites
1440 591 1442 596 ·

168 674 208 735 ad
242 674 387 734 tuendum
416 673 617 753 Sarpedonem
647 676 790 753 concitet,
822 667 966 752 Apollinis
994 674 1101 734 medici
1129 693 1214 753 opem
1242 673 1344 754 implo-

170 781 288 832 rantem
320 771 456 852 inducat,
489 770 576 832 solito
604 771 738 851 putidius
765 789 815 831 res
843 770 900 831 alio
929 774 1060 832 carmine
1087 769 1195 831 relatas
1223 775 1346 851 respicit

171 863 257 952 (eide
280 868 301 945 ξ
325 864 393 950 30).
439 869 573 948 [lenique
597 867 709 928 laxatae
733 871 883 948 compagis
906 872 1016 930 veteris
1039 871 1179 929 carminis
1202 878 1232 929 et
1254 871 1345 929 inter-

170 966 265 1044 polati
294 966 420 1046 episodii
448 966 592 1028 indicium
616 973 733 1045 repetas
755 984 793 1026 ex
816 969 1036 1045 comparatione
1059 983 1199 1026 versuum
1223 967 1260 1025 11
1279 963 1344 1026 427

169 1056 372 1142 Πάτροκλος
394 1054 426 1124 d'
452 1057 629 1144 ἑτέρωθεν,
653 1057 723 1123 ἐπεὶ
744 1061 852 1142 h'dsv,
876 1062 997 1145 ἔκθορε
1021 1061 1147 1144 δίφρου
1169 1071 1200 1122 et
1223 1063 1260 1121 11
1281 1059 1345 1122 733

169 1153 369 1243 Πάτροκλος
403 1151 434 1222 d’
469 1154 636 1241 ἑτέρωθεν
664 1148 724 1238 ἀφ’
755 1156 865 1222 ἵππων
891 1147 973 1222 ἆλτο
1001 1159 1129 1258 χαμᾶζε.
1176 1157 1346 1219 Patroclum

168 1261 251 1319 enim
275 1260 355 1318 inter
378 1257 433 1319 bos
456 1275 560 1318 versus
584 1275 705 1317 currum
730 1275 837 1318 rursus
856 1261 1025 1320 ascendisse
1044 1275 1191 1336 nusquam
1210 1256 1345 1335 legimus,

168 1355 250 1434 quod
285 1363 320 1415 ut
348 1355 430 1416 sileri
458 1357 591 1434 potuisse
619 1354 824 1437 concedimus,
856 1365 955 1416 mmen
983 1359 1014 1416 in
1043 1355 1173 1417 carmine
1201 1356 1259 1414 iam
1287 1353 1345 1414 alio

168 1455 291 1514 nomine
315 1461 456 1531 suspecto
480 1453 681 1530 suspicionem
705 1451 816 1513 alienae
840 1455 963 1532 originis
987 1462 1083 1532 auget.

259 1549 280 1625 ξ
305 1547 356 1611 35.
394 1549 455 1612 lam
477 1550 514 1610 ad
538 1567 602 1608 eam
622 1567 685 1608 rern
709 1557 884 1627 perventum
903 1561 957 1631 est,
982 1569 1069 1630 quam
1089 1550 1174 1629 qnasi
1193 1548 1343 1608 cardinem

168 1651 264 1709 totius
286 1649 469 1726 quaestionis
494 1646 668 1707 Homericae
691 1664 756 1706 esse
777 1665 944 1728 censemus,
967 1649 1002 1709 ad
1022 1649 1147 1726 ligneam
1166 1654 1196 1706 et
1215 1649 1344 1724 speciem

169 1744 320 1824 locorum,
347 1746 379 1806 in
408 1743 518 1824 quibus
546 1741 714 1822 spectacula
743 1742 812 1804 belli
835 1745 914 1805 edita
942 1763 1009 1806 esse
1037 1747 1198 1822 linguntur.
1248 1742 1344 1820 Atque

170 1843 244 1902 baec
287 1842 408 1921 quidem
450 1861 499 1902 res
540 1843 636 1919 capite
672 1839 772 1901 Troici
813 1845 875 1920 agri
913 1841 1112 1903 Schliemanni
1149 1838 1279 1900 sollertia
1316 1847 1346 1898 et

170 1940 319 2000 industria
353 1957 389 2000 er
422 1939 556 2001 tenebris
589 1938 731 1998 ruderum
762 1940 792 1998 in
821 1937 917 2000 lucem
946 1939 1017 2000 solis
1045 1945 1196 2017 protracto
1224 1943 1254 1995 et
1282 1937 1345 2012 ipsa

170 2037 283 2098 claram
310 2035 420 2097 lucem·
435 2039 551 2115 accepit
578 2045 608 2096 et
634 2035 670 2094 ad
700 2034 838 2096 tenebras
866 2037 989 2114 originis
1018 2034 1116 2095 iliadis
1143 2030 1345 2092 discutiendas

170 2153 187 2193 a
221 2153 269 2194 me
302 2133 415 2194 adscita
448 2143 501 2194 est
548 2133 606 2193 Sed
639 2150 709 2192 cum
737 2130 937 2192 Schliemanni
969 2125 1098 2192 inventis
1125 2149 1183 2190 non
1212 2130 1344 2189 omnium

171 2233 304 2294 virorum
343 2231 500 2292 doctomm
537 2231 642 2290 animis
680 2227 835 2305 caliginem
872 2229 1024 2308 depulsam
1061 2245 1127 2290 csse
1165 2226 1278 2286 videam
1315 2233 1345 2284 et

171 2328 358 2409 Heroberus,
387 2331 432 2390 vir
460 2330 650 2389 acutissimus
678 2328 729 2388 sed
761 2345 849 2406 supra
878 2328 998 2388 modum
1022 2325 1140 2387 sobrius
1164 2332 1195 2384 et
1216 2326 1345 2402 ieiunus,

172 2426 336 2488 Homerum
369 2443 510 2504 umquam
541 2425 577 2485 ad
607 2424 693 2486 litora
722 2422 906 2502 Hellesponti
933 2427 1049 2484 venisse
1078 2422 1194 2498 negarit
1221 2418 1345 2497 aliisque

172 2525 369 2603 persuaserit,
399 2541 474 2603 quae
497 2523 553 2583 boc
577 2520 642 2582 loco
665 2523 837 2600 quaerimus
860 2539 875 2580 a
900 2523 1071 2600 quaestione
1095 2519 1132 2578 de
1156 2519 1216 2576 sito
1239 2515 1344 2574 Troiae

172 2623 257 2684 urbis
285 2629 316 2682 et
343 2621 380 2682 de
407 2620 565 2682 itineribus
588 2618 710 2680 Homeri
738 2635 862 2696 prorsus
885 2636 944 2677 non
968 2633 1112 2694 suspensa
1136 2630 1201 2672 esse
1226 2628 1339 2671 moneo.

173 2719 256 2780 blitto
285 2719 365 2778 enim
394 2735 552 2797 quaerere,
577 2733 664 2795 quam
688 2714 839 2793 probabile
863 2717 902 2776 sit
925 2713 1086 2775 Homerum
1110 2705 1344 2785 Homeridasque

172 2819 203 2878 in
226 2815 337 2876 ionicis
361 2813 487 2874 urbibus
511 2816 597 2892 quasi
615 2813 727 2874 deliros
745 2815 889 2873 mansisse
909 2813 1138 2888 occasionesque
1158 2803 1282 2866 navibus
1301 2807 1344 2864 in·

173 2913 252 2974 solas
266 2920 357 2990 atque
368 2910 591 2990 Hchspontum
607 2909 721 2972 visendi
735 2910 895 2988 sprevisse:
910 2917 1013 2987 poetae
1024 2909 1117 2967 menti
1131 2919 1245 2964 summa
1255 2901 1344 2961 linea·

173 3019 273 3072 menta
287 3009 388 3070 Troici
407 3011 470 3088 agri
489 3009 591 3070 eadem
602 3006 728 3086 ‘semper
746 3005 901 3066 obversata
916 3024 981 3066 esse
995 3014 1026 3065 et
1040 3003 1192 3064 obversari
1206 2999 1345 3060 debuisse

174 3106 336 3185 contendo,
368 3108 429 3166 sive
462 3105 617 3166 oculorum
650 3105 707 3166 ilde
739 3121 773 3163 ea
802 3103 987 3181 cognoverit,
1020 3102 1081 3160 sive
1109 3106 1208 3160 mente
1236 3099 1345 3158 animo-

175 3224 231 3286 que
264 3205 323 3265 sibi
355 3205 475 3266 tinxerit
505 3214 595 3284 atque
623 3203 810 3282 disposuerit.
856 3199 935 3270 Ouid
963 3205 1061 3259 autem
1090 3199 1121 3258 in
1149 3193 1345 3256 describendo

174 3321 253 3384 agro,
278 3320 367 3381 quem
391 3302 501 3364 llumen
525 3300 644 3380 aliquod
665 3299 793 3379 pertluit,
812 3298 848 3358 ad
868 3296 1065 3357 deliniendam
1083 3296 1234 3372 regionem
1254 3295 1346 3372 magis

174 3399 328 3462 anendere
362 3399 496 3460 homines
528 3416 581 3479 par
613 3405 660 3456 est
692 3413 779 3475 quam
813 3413 935 3456 cursum
966 3393 1046 3454 illius
1079 3389 1231 3452 lluminis?
1273 3391 1347 3453 Nam

174 3495 253 3577 quod
286 3498 318 3556 in
351 3499 458 3556 castris
490 3498 667 3572 naviumque
699 3493 803 3553 ordine
836 3510 939 3570 parurn
972 3490 1029 3552 sibi
1057 3497 1142 3569 poeta
1171 3497 1288 3550 constat
1316 3497 1347 3549 et

173 3597 202 3656 Θ
217 3592 291 3656 222.
307 3593 338 3652 Λ
357 3589 387 3654 6.
405 3593 436 3656 K
452 3593 514 3656 112
532 3592 630 3654 medio
650 3591 714 3652 loeo
728 3590 840 3669 Ulyssis
859 3607 972 3669 narem,
991 3591 1022 3648 in
1041 3589 1183 3648 extremis
1201 3585 1345 3647 lateribus

164 3695 271 3754 -biacis
300 3701 332 3753 et
354 3691 476 3752 Achillis
499 3689 656 3752 collocatas
679 3707 744 3749 esse
768 3688 885 3766 statuit,
913 3687 947 3747 N
966 3683 1030 3748 681
1056 3694 1085 3745 et
1108 3685 1233 3745 tortasse
1258 3685 1347 3742 etiam

175 3791 213 3852 N
236 3787 312 3852 312.
342 3788 385 3849 Μ
405 3786 479 3852 265.
508 3783 573 3850 335
600 3787 698 3848 Aiacis
730 3795 761 3847 et
788 3785 943 3846 Protesilai
972 3801 1061 3843 neres
1088 3782 1219 3842 medium
1247 3779 1347 3840 locum

174 3905 338 3966 occupasse
373 3881 564 3966 significant
600 3884 657 3945 boc
688 3885 787 3944 minus
820 3881 958 3961 equidem
996 3897 1082 3960 curo,
1120 3881 1259 3958 quoniam
1299 3895 1348 3937 res

267 4079 293 4148 1)
312 4076 373 4130 Iam
387 4073 586 4140 Aristarchum,
601 4091 657 4142 qno
672 4073 769 4128 ordine
783 4089 869 4128 neves
884 4071 1053 4126 Graecorum
1068 4066 1221 4123 collocatas
1235 4064 1348 4136 fuerint,

176 4158 328 4228 diligenter
352 4155 524 4226 quaesivisse
544 4153 675 4208 disseruit
692 4152 823 4208 Lehrsins
842 4152 876 4206 de
895 4147 999 4206 Arist¹
1019 4153 1072 4204 224
1087 4164 1147 4215 sqq.
1185 4146 1239 4200 Sed
1259 4162 1348 4214 neque

175 4237 255 4292 illum
270 4253 363 4291 rerum
378 4235 527 4306 caliginem
542 4234 706 4288 discussisse
720 4250 811 4304 neque
824 4229 937 4284 Nnbero
952 4229 981 4282 in
995 4230 1103 4296 quaest.
1118 4225 1191 4279 bom.
1206 4231 1221 4288 ὅ
1238 4231 1253 4280 8
1269 4241 1349 4278 suem

176 4317 276 4386 cuique
301 4315 362 4384 regi
387 4315 537 4369 stationem
561 4311 717 4382 assignanti
736 4311 835 4364 melius
854 4327 912 4364 rem
932 4307 1046 4362 cessisse
1065 4304 1158 4359 Wold.
1177 4301 1349 4357 Ribbeekius

176 4396 204 4450 in
226 4413 290 4452 eun.
315 4393 385 4464 phil.
409 4391 535 4449 LXXXV
561 4397 594 4446 79
614 4409 674 4460 sqq.
702 4393 732 4446 et
753 4391 782 4445 in
802 4391 889 4444 Eheu.
909 4387 979 4440 llius.
999 4385 1101 4440 XXXV
1121 4389 1173 4438 610
1187 4401 1247 4452 sqq.
1272 4383 1350 4437 lucu·

177 4477 265 4532 lenter
284 4473 497 4530 demonstravit

1100 4553 1137 4607 4*
