3280 5104
758 404 910 467 -108
960 439 998 449 —

295 567 391 628 itaG.
415 567 536 627 Curtios
561 566 645 627 Verb
670 565 695 626 ll
721 563 822 626 133
807 564 976 648 explicavit,
1005 576 1038 627 nt
1061 567 1191 627 vocalem
1215 565 1330 645 longam
1355 568 1383 625 vi
1406 569 1464 646 pri-

294 666 389 726 mitivi
411 665 549 743 digammi
572 663 699 726 deletio
722 674 821 726 natam
840 683 921 728 essse
944 665 1066 727 diceret.

383 755 546 836 ἀσπάσιος
568 771 599 823 et
622 754 791 837 ἀσπασίως
814 771 839 834 ιιι
858 759 936 843 233
960 762 1140 823 adiectivum
1164 780 1218 840 pro
1241 761 1382 822 adverbio
1406 762 1465 822 ele·

294 864 411 941 gantius
447 855 578 941 positum
613 861 669 921 hoc
706 860 770 922 loco
802 860 880 922 hand
914 868 1090 921 cunctanter
1122 860 1258 937 praetuli.
1313 860 1395 921 ldem
1428 879 1463 920 ex

293 961 464 1020 coniectura
492 959 526 1018 Σ
551 955 616 1020 270
649 959 866 1022 restituendum
893 975 959 1018 esse
987 966 1090 1018 censet
1113 956 1256 1036 Cohetus,
1285 959 1367 1018 misc.
1395 961 1461 1020 crit.

294 1077 321 1136 p.
345 1053 419 1137 295,
443 1056 522 1136 qood
546 1057 704 1135 quominus
729 1073 786 1116 uon
811 1056 905 1118 solum
930 1055 1134 1135 probaremus,
1159 1055 1210 1116 sed
1235 1057 1324 1116 etiam
1347 1058 1378 1116 in
1403 1065 1464 1116 tex-

295 1163 357 1215 tum
386 1157 602 1235 reciperemus,
635 1154 752 1214 obstitit
783 1173 886 1215 versus
915 1153 944 1214 Τ
970 1152 1010 1214 72
1038 1144 1208 1227 ἀσπασίως
1237 1145 1350 1214 αὐτῶν
1377 1146 1465 1233 γόνυ

293 1248 478 1332 καμφέμεν,
511 1271 569 1330 quo
602 1255 632 1313 in
664 1270 752 1312 versu
781 1252 889 1314 vocalis
918 1273 944 1314 οι
972 1260 1069 1312 metro
1097 1254 1123 1312 si
1151 1269 1211 1311 non
1240 1250 1402 1333 llagitatur,
1435 1261 1464 1312 at

295 1361 392 1418 tamon
417 1349 648 1411 commendatur.

383 1439 539 1528 γεγωνώς
562 1455 594 1508 et
615 1440 778 1528 γεγονός,
801 1439 847 1522 ὥς
871 1439 923 1529 (ὃς
946 1468 970 1508 v.
995 1443 1027 1530 l.)
1051 1437 1123 1509 ποτ’
1150 1442 1347 1526 ἐπηπείλησε
1369 1443 1399 1516 Ξ
1420 1445 1464 1509 45

295 1558 325 1608 et
349 1537 387 1619 ὅς
408 1537 469 1626 (ὥς
492 1564 517 1606 v.
542 1542 573 1628 l.)
598 1565 634 1607 ιιε
658 1539 784 1628 φάγῃσι
811 1547 843 1608 Φ
867 1544 944 1626 127,
971 1535 1010 1618 ὃς
1033 1536 1093 1627 (ὡς
1116 1565 1141 1606 v.
1164 1541 1196 1624 l.)
1221 1543 1314 1624 ἔτλης
1337 1547 1370 1606 Χ
1389 1543 1464 1626 236,

295 1637 339 1718 ὥς
368 1635 421 1727 (ὅς
451 1663 475 1704 v.
500 1639 532 1725 l.)
556 1663 613 1722 μοι
636 1635 721 1704 καλοί
746 1643 779 1704 Ω
802 1641 880 1724 388,
910 1638 1090 1723 Πηνέλεων
1114 1637 1302 1725 (Πηνέλεον
1326 1663 1351 1702 v.
1374 1637 1407 1725 l.)
1433 1643 1471 1703 N

295 1741 351 1821 02,
383 1734 428 1821 μή
453 1755 489 1801 σε
512 1735 620 1822 γέρων
644 1736 757 1821 (γέρον
781 1761 806 1802 v.
830 1735 863 1824 l.)
887 1742 920 1802 Ω
942 1739 1021 1822 569,
1050 1733 1249 1802 Ποσειδάων
1273 1733 1463 1821 (Ποσίδαον

296 1859 319 1900 v.
336 1834 367 1922 Ι.)
382 1835 486 1908 ,77357
503 1831 555 1921 (cl.
570 1857 588 1898 τ
602 1836 676 1899 357.
691 1832 821 1920 φ381);
835 1838 907 1900 haec
923 1838 1025 1899 dubito
1040 1856 1077 1899 atr
1092 1838 1351 1916 grammaticorum
1366 1841 1466 1916 potius

295 1957 382 2018 quam
402 1935 469 1998 τῶν
483 1933 879 2017 μεταχαρακτηρισοὶντοιν
898 1937 983 2014 culpa
1004 1938 1083 1996 varie
1097 1939 1128 1996 in
1143 1935 1296 1996 codicibus
1311 1935 1466 2000 fluctuent,

383 2030 477 2112 559.
524 2033 657 2096 Aliorum
691 2035 849 2098 verborum
882 2035 1015 2114 duplices
1047 2036 1158 2096 lormae
1189 2033 1257 2094 iude
1285 2043 1370 2094 name
1398 2053 1465 2094 esse

295 2133 447 2212 videntur,
475 2133 554 2211 quod
584 2134 613 2191 in
638 2135 862 2195 transcribenda
887 2143 986 2194 vetere
1010 2133 1185 2212 litteratura,
1208 2140 1242 2192 ut
1265 2129 1373 2210 syllaba
1396 2150 1464 2210 pro·
1505 2182 1509 2190 .
1576 2133 1581 2144 '

294 2229 463 2310 duceretur,
485 2229 535 2290 alii
558 2228 674 2308 longam
694 2232 823 2292 vocalem
843 2234 1037 2311 scripserunt,
1061 2231 1110 2291 alii
1128 2248 1288 2291 consonam
1308 2232 1465 2309 insequen-

296 2338 355 2390 tem
379 2327 613 2406 duplicaverunt.
659 2328 744 2389 llunc
768 2331 798 2389 in
822 2331 956 2390 ordinem
981 2330 1092 2390 relevo:

383 2416 572 2506 μαχήσομαι
595 2418 810 2506 ε’μαχησᾶμην
834 2435 864 2488 et
887 2422 1087 2508 μαχέσσομαι
1115 2420 1361 2508 ἐμαχεσσάμην,
1390 2447 1464 2506 quae

294 2527 460 2602 scripturae
488 2530 602 2584 tantum
631 2542 690 2584 nou
714 2523 851 2586 omnihus
875 2524 947 2586 locis
971 2528 1097 2606 variant,
1120 2525 1156 2586 cl.
1184 2525 1224 2585 La
1255 2525 1352 2586 lieche
1381 2524 1465 2585 llonv.

293 2621 413 2682 Texthr.
438 2640 464 2700 p.
489 2618 562 2682 308.
601 2620 700 2683 Utram
725 2623 915 2703 praeferrem,
939 2641 992 2702 ego
1016 2641 1075 2683 non
1100 2625 1192 2701 magis
1216 2623 1357 2682 haesitavi
1376 2641 1463 2702 qxvarn

294 2723 465 2801 quicunque
498 2727 565 2778 ante
599 2737 644 2778 me
672 2719 793 2781 Homeri
825 2723 955 2783 carmina
988 2721 1100 2782 edenda
1134 2729 1322 2780 curaverunt.
1368 2721 1464 2799 hique

294 2816 487 2898 duplicandos
520 2816 640 2894 quidem
672 2816 804 2879 sibilanti
834 2822 855 2880 ii
888 2819 945 2880 loci
978 2820 1074 2879 lavere
1108 2818 1258 2898 videntur,
1291 2820 1321 2877 in
1354 2817 1465 2897 quibos

294 2916 386 2977 altera
414 2913 497 2973 verbi
526 2912 635 2992 syllaba
663 2925 800 2994 correpta
829 2926 888 2997 est,
918 2915 997 2977 velut
1024 2906 1177 2994 ἀντίβιον
1204 2910 1412 2996 μαχέσασθαι
1438 2915 1470 2977 Γ

294 3012 345 3078 20.
375 3013 410 3073 H
434 3008 487 3071 40.
514 3008 565 3072 51.
594 3011 623 3072 (tl
652 3009 724 3072 168.
753 3011 831 3096 255,
860 3008 934 3094 ἐμοὶ
962 3009 1171 3094 μαχέσασθαι
1199 3004 1322 3093 ἀνώγει
1352 3013 1386 3072 Η
1414 3011 1464 3092 74,

293 3102 375 3175 κατὰ
399 3103 502 3189 σφέας
525 3100 588 3188 γὰρ
612 3104 813 3189 μαχέσονται
832 3113 860 3174 Β
880 3110 953 3192 366,
978 3131 1036 3192 qno
1061 3111 1150 3172 simili
1175 3110 1260 3172 modo
1280 3111 1358 3170 idem
1378 3120 1464 3190 poeta

295 3202 373 3281 ὅσος
396 3213 426 3266 et
446 3195 556 3282 ὅσσος,
577 3195 731 3279 Ὀδυσεύς
749 3217 779 3268 ει
795 3201 983 3287 Ὀδυσσεύς,
1005 3204 1108 3290 μέσον
1128 3217 1158 3269 et
1176 3204 1312 3290 μέσσον,
1336 3207 1464 3288 νεμεσῶ

293 3315 324 3368 ει
354 3295 559 3384 νεμεσσηεόν
592 3309 753 3383 usurpavit.
799 3309 836 3368 Αι
868 3307 1012 3387 producta
1043 3317 1089 3368 est
1116 3306 1207 3367 altera
1237 3305 1344 3384 syllaba
1375 3307 1464 3366 etiarn

294 3407 447 3468 nominum
471 3399 670 3461 derivatorum
696 3399 843 3486 μαχητής
866 3416 895 3467 et
918 3397 1079 3486 μαχήμων
1103 3413 1133 3464 ει
1156 3396 1311 3484 μαχητός,
1335 3421 1464 3482 qnorum

294 3521 369 3586 qrvae
402 3498 595 3577 subsequitur
628 3499 724 3561 littera
757 3521 923 3566 consonans
957 3504 1100 3583 geminari
1133 3520 1191 3562 non
1225 3509 1348 3580 poterat.
1400 3501 1464 3570 Ona

294 3605 330 3664 de
364 3617 450 3662 causa
484 3598 514 3656 in
547 3595 657 3657 iudicio
685 3600 849 3661 Aristarchi
877 3597 918 3682 (v.
946 3601 1037 3662 schol
1066 3600 1101 3661 ad
1131 3603 1162 3660 A
1185 3597 1259 3661 304.
1287 3595 1412 3659 3377.
1438 3597 1472 3658 Γ

293 3699 367 3764 290.
404 3697 425 3759 I
447 3675 504 3776 32)
537 3701 567 3754 et
598 3694 655 3756 side
689 3698 852 3760 editionum
880 3698 1087 3778 Massiiinticac
1120 3698 1273 3778 Argolicae
1307 3696 1463 3775 Sinopicae

294 3793 458 3860 Antimachi
488 3787 539 3872 (ci.
568 3792 658 3854 scbol.
686 3796 721 3856 ad
747 3799 778 3858 A
802 3793 881 3877 298)
909 3797 1025 3875 longam
1054 3773 1183 3858 vocalem
1212 3815 1232 3874 η
1261 3792 1464 3854 exhibentium

292 3898 365 3960 mihi
389 3890 638 3971 acquiescendum
666 3912 732 3954 esse
758 3897 867 3972 putavi.
913 3895 955 3955 lle
978 3895 1066 3956 simili
1090 3893 1280 3972 ambiguitate
1304 3890 1465 3952 verborum

294 3983 435 4077 ἐρύσατο
457 4015 499 4037 =
519 3990 646 4048 servavit
679 3999 708 4050 et
740 3986 902 4071 ἐρύσσατο
921 4019 964 4041 --
980 3993 1106 4052 extraxit
1138 3991 1280 4052 lectorem
1312 3988 1347 4048 ad
1381 3989 1464 4050 Butt-

293 4094 392 4156 manni
415 4085 507 4148 Lexil.
531 4083 544 4143 l
568 4081 610 4145 63
635 4087 811 4149 demandare
835 4089 971 4152 sufficiat.

382 4181 527 4266 ὄφελλον
551 4190 581 4242 et
604 4173 743 4264 ὄφειλον
766 4187 797 4247 Λ
822 4184 895 4250 688.
919 4185 993 4250 698.
1018 4187 1086 4248 Hes.
1110 4206 1157 4266 op.
1183 4185 1232 4266 17,
1257 4177 1407 4265 ὀφε’λλει’
1435 4195 1467 4246 et

293 4275 435 4369 ὀφείλετ’
457 4277 581 4346 11686.
605 4301 626 4361 γ
649 4281 723 4364 307,
746 4275 892 4365 ὤφελλες
917 4294 946 4346 et
969 4277 1110 4366 ὥφειλες
1134 4282 1252 4364 6472,
1276 4302 1331 4343 nos
1354 4282 1409 4342 hac
1433 4286 1465 4344 in

293 4404 326 4453 re
350 4407 366 4446 a
389 4380 521 4444 Nauckio
545 4378 733 4443 discedentes
753 4383 955 4444 hrismrcheas
979 4383 1121 4444 lectiones
1145 4374 1291 4462 ὄφελλον
1315 4389 1345 4440 ct
1367 4371 1465 4460 ὀφέλ-

293 4473 358 4544 λετ’
384 4480 586 4561 probavimus,
611 4488 712 4558 utpote
737 4499 825 4563 quae,
849 4501 917 4542 com
941 4501 956 4541 a
981 4481 1093 4558 vulgari
1117 4497 1253 4540 sertuone
1276 4476 1467 4558 abhorreant,
