3276 5090
688 435 882 498 ..3-

137 631 142 644 ·
200 594 299 655 iliadis
332 605 464 658 servatas
496 616 562 658 casa
591 599 696 658 merito
725 601 924 676 suspicantur.
975 598 1164 662 Aristarchus
1193 605 1271 664 enim
1299 604 1372 681 ipse,

201 702 234 753 ut
258 712 293 752 ex
318 697 437 774 papyris
462 703 491 756 et
514 696 617 756 codice
642 695 752 755 Veneto
777 696 809 774 A,
833 693 1074 772 locupletissimis
1097 699 1223 762 testibus
1247 702 1372 761 Aristar-

200 790 290 850 cheae
320 792 474 870 editionis,
503 802 637 873 apparet,
666 791 757 852 lllllV
785 791 877 852 libros
908 792 1006 853 iliadis
1033 804 1062 855 ei
1086 793 1233 876 Odysseae
1263 800 1372 859 reiecta

202 896 300 948 vetere
324 890 563 950 denominatione
587 889 658 950 solis
682 891 788 950 litteris
807 888 956 969 alphabeti
975 892 1099 970 singulis
1117 893 1202 955 libris
1220 897 1373 973 inscriptis

201 1002 255 1044 nec
279 1005 337 1045 non
361 986 539 1064 subscriptis
558 980 610 1070 (cl.
630 987 738 1068 Osann,
762 1007 807 1048 an.
828 985 1009 1068 11010291)
1029 989 1212 1072 distinxerat,
1236 993 1371 1053 homines

201 1091 299 1143 autem
330 1083 453 1144 litterati
484 1093 513 1142 et
547 1086 671 1162 curiosi,
704 1087 775 1163 quin
804 1087 892 1144 eliam
920 1086 1102 1148 Aristarchei
1131 1091 1316 1150 Aristonicus
1343 1097 1373 1148 et

201 1179 342 1259 Didymus
367 1181 517 1242 veteribus
540 1180 718 1260 nominibus,
742 1185 852 1263 quippe
876 1199 951 1260 quae
976 1201 1076 1244 rerum
1101 1197 1274 1266 argumento
1298 1187 1373 1246 iudi-

198 1279 292 1339 cando
326 1278 419 1339 multo
454 1281 567 1358 aptiora
596 1289 710 1360 essent,
742 1284 785 1341 nti
813 1279 1038 1340 desiisscadeo
1067 1301 1125 1344 non
1156 1285 1307 1363 videntur,
1341 1290 1373 1344 ut

198 1395 247 1455 ea,
280 1397 338 1456 quo
368 1377 483 1438 laeilius
517 1395 608 1438 novae
641 1380 805 1440 carminum
834 1377 972 1437 divisioni
1000 1383 1215 1442 accommodari
1244 1388 1374 1460 possent,

200 1477 305 1553 partim
349 1484 492 1553 augerent
534 1479 642 1554 partim
679 1476 898 1536 contraherent.
955 1475 1032 1545 Quin
1071 1483 1159 1540 etiam
1197 1479 1373 1556 Zenodotus,

199 1591 377 1651 quamquam
421 1591 526 1632 noram
568 1573 742 1633 divisionem
781 1570 871 1634 lllllV
909 1571 1053 1635 librorum
1091 1581 1233 1657 instituit,
1275 1588 1373 1636 tamen

200 1677 316 1729 veteres
353 1679 383 1728 et
420 1671 558 1730 diuturna
597 1669 814 1730 consuetudine
848 1678 978 1730 sacratos
1012 1674 1085 1734 lines
1118 1678 1282 1736 carminum
1316 1675 1373 1733 nisi

198 1776 320 1827 coactus
343 1769 485 1844 migrasse
509 1787 568 1828 non
593 1767 718 1828 ridetur.
756 1766 842 1838 Ouod
860 1769 952 1846 igitur
972 1770 1079 1832 Strabo
1098 1773 1111 1832 l
1130 1792 1157 1852 p.
1180 1765 1372 1835 11Διόπει-

198 1883 263 1942 ραν
292 1865 420 1942 priorem
449 1873 567 1942 partem
593 1863 661 1925 libri
690 1863 813 1925 secundi
841 1874 871 1925 ct
900 1857 1002 1940 Λιτός
1031 1867 1141 1928 librum
1164 1888 1276 1931 nonum
1299 1887 1373 1929 nun-

199 1967 302 2040 cupat,
330 1963 519 2021 consentiens
550 1963 580 2021 in
605 1961 652 2022 his
675 1961 845 2023 nominibus
869 1979 937 2022 cnm
960 1961 1099 2044 Dionysio
1123 1965 1374 2028 halicarnassensi

199 2057 276 2117 rhet
301 2057 365 2116 Vlll
395 2055 448 2138 15,
476 2057 515 2117 ill
540 2057 561 2119 4
585 2057 658 2120 018
688 2068 718 2119 01
748 2057 789 2119 14
813 2066 843 2117 et
865 2059 1015 2120 Athenaeo
1039 2061 1051 2120 l
1075 2081 1102 2141 p.
1130 2061 1212 2142 l8b,
1241 2073 1271 2124 ct
1295 2061 1373 2141 quod

199 2155 351 2232 Longinus
384 2150 458 2234 περὶ
491 2147 601 2230 ὕψους
633 2175 658 2218 0.
691 2154 711 2216 9
741 2156 930 2236 Θεομαχίαν
958 2165 988 2216 et
1016 2157 1176 2220 Menander
1204 2153 1278 2239 περὶ
1307 2155 1373 2220 ἐπι-

200 2250 373 2314 δεικτικῶν
401 2273 425 2314 0.
455 2248 561 2334 61ὴο
585 2247 723 2317 Ἀσπίδα
752 2255 864 2332 laudat,
892 2253 1019 2333 denique
1044 2255 1218 2318 Euatathius
1241 2260 1272 2318 iu
1295 2276 1373 2318 com·

200 2353 354 2412 meutariis
369 2350 468 2412 iliadis
488 2355 619 2414 omniurn
639 2353 783 2414 librorum
799 2353 952 2431 pedestres
968 2363 997 2413 ct
1012 2357 1149 2415 metricas
1164 2358 1374 2434 inscriptiones

200 2445 341 2528 reiert¹),
366 2449 558 2510 haecomnia
583 2470 650 2512 cum
676 2452 776 2513 iliadis
797 2451 955 2529 divisione,
979 2469 1053 2528 quae
1078 2453 1197 2530 quidem
1221 2462 1289 2513 ante
1314 2451 1373 2512 edi·

200 2549 299 2606 tiones
326 2550 584 2626 grammaticorum
614 2547 879 2611 Alexandrinorum
908 2550 939 2608 iu
968 2566 1025 2608 usu
1053 2549 1123 2629 luit,
1156 2550 1315 2610 cohaerere
1344 2556 1374 2609 et

200 2664 235 2705 ex
260 2644 415 2722 disciplina
440 2645 656 2724 rhapsodornm
680 2647 802 2710 iluxisse
827 2647 972 2708 videntur.

290 2739 364 2818 §h
409 2741 488 2804 llaec
521 2747 639 2804 nomina
673 2747 698 2806 si
731 2746 952 2806 excusserimus
985 2751 1015 2803 et
1046 2746 1125 2805 inter
1157 2763 1189 2805 ae
1221 2763 1374 2824 compara·

200 2843 340 2920 serimus,
360 2841 498 2902 concludi
517 2861 604 2921 posse
624 2862 778 2922 speramus
797 2861 873 2923 quae
893 2840 1108 2920 rhapsodornm
1127 2851 1222 2903 artem
1240 2845 1375 2920 aperiant

200 2949 230 3000 et
259 2942 381 3018 propius
410 2940 445 2999 ad
475 2941 619 3018 originem
643 2943 808 3002 carminum
831 2957 885 2999 nos
909 2938 1064 2999 adducant.
1110 2940 1205 3018 Atque
1230 2939 1286 3000 boc
1310 2942 1375 3018 qui·

200 3036 269 3096 dem
302 3035 497 3097 leviusculum
528 3046 587 3116 est,
619 3037 697 3116 quod
727 3037 889 3098 eorundem
918 3038 1082 3096 carminum
1111 3036 1166 3096 alia
1195 3037 1274 3116 apud
1302 3037 1374 3098 alios

200 3136 364 3212 scriptores
397 3136 514 3194 nomina
550 3136 700 3216 seruntur,
733 3154 799 3196 nam
830 3133 910 3214 quod
938 3132 1060 3194 alterius
1084 3134 1154 3195 iibri
1180 3138 1274 3212 prima
1305 3153 1375 3216 pars

201 3232 274 3292 locis
303 3249 391 3308 supra
417 3230 542 3292 laudatis
566 3251 581 3291 a
606 3231 751 3293 Strabone
776 3224 957 3311 Altinates,
987 3250 1002 3290 a
1027 3224 1375 3312 pronuntiaturos,

202 3330 337 3389 decimus
370 3327 406 3388 ab
439 3328 503 3389 aliis
537 3317 728 3408 Δολόαεια,
761 3331 797 3389 ab
829 3325 895 3386 allis
924 3327 1150 3411 Νυκτεγερσία
1183 3327 1233 3404 (el.
1263 3328 1375 3390 scholia

201 3427 236 3486 ad
267 3425 300 3486 K
327 3422 357 3505 l)
386 3425 607 3506 nominabatur,
639 3426 693 3486 hae
722 3435 792 3488 sunt
824 3427 989 3504 nominum,
1023 3445 1080 3486 non
1109 3443 1210 3486 rerum
1239 3427 1375 3488 diiieren-

202 3526 275 3601 tiae,
308 3531 338 3581 et
366 3523 444 3601 qtrod
474 3526 570 3602 primo
598 3523 674 3584 libro
703 3522 738 3583 ab
769 3521 923 3582 Eustatbio
957 3521 1015 3582 duo
1050 3523 1128 3583 tituli
1162 3515 1287 3604 Λοιμός
1319 3516 1374 3582 καὶ

203 3616 317 3698 Maiora
346 3619 502 3699 induntur,
531 3622 586 3680 hoc
615 3620 650 3679 ad
681 3638 732 3679 eos
756 3627 870 3698 spectat
894 3622 1101 3697 grammaticos
1129 3618 1174 3680 rel
1202 3619 1374 3698 rhapsodos,

202 3718 256 3794 qui
294 3733 362 3775 cum
400 3714 519 3796 Μῆνιν
557 3725 647 3778 totam
686 3715 804 3776 iliadem
841 3718 953 3776 rectius
991 3717 1114 3778 inscribi
1151 3715 1374 3794 intellexissent,

201 3818 352 3895 propriam
381 3817 470 3893 primi
498 3817 636 3876 carminis
665 3814 891 3893 appellationem
920 3815 1213 3893 circumspiciebant,
1246 3814 1374 3892 danique

294 4037 319 4096 1)
338 4030 416 4086 Nihil
441 4031 470 4084 in
493 4032 545 4085 hac
570 4047 599 4086 re
623 4047 702 4096 curo,
727 4031 801 4099 quod
820 4029 998 4099 Thucydides
1021 4029 1069 4084 Ia
1090 4028 1242 4084 Homerum
1267 4023 1299 4083 ἐν
1322 4033 1373 4086 τοῦ

201 4108 345 4178 σκήπτρου
365 4112 398 4180 τῇ
419 4108 576 4178 παραδόσει
595 4127 704 4164 versum
725 4111 755 4163 ll.
777 4114 796 4162 B
818 4115 882 4178 108,
906 4107 986 4166 Plato
1004 4111 1054 4164 Ion
1074 4115 1125 4164 631
1136 4128 1162 4178 p.
1185 4118 1207 4164 A
1226 4104 1257 4162 ἐν
1277 4111 1309 4178 τῇ
1330 4107 1374 4163 ia-

202 4193 344 4262 ποδρομίᾳ
368 4192 401 4261 τῇ
427 4186 473 4244 int
494 4187 648 4261 Πατρόκλῳ
669 4193 699 4243 Ψ
717 4195 872 4258 aaa-³40,
896 4189 1061 4244 Aristoteles
1085 4191 1148 4244 hiat.
1173 4189 1257 4244 anim.
1278 4188 1314 4242 ix
1340 4195 1374 4242 32

204 4267 235 4326 ἐν
262 4273 296 4340 τῇ
324 4272 375 4324 τοῦ
400 4267 531 4340 Πριάμου
560 4265 649 4340 ἐξόδῳ
672 4274 698 4325 u
726 4277 791 4338 ³16,
817 4270 917 4324 Strabo
940 4269 953 4321 Ι
976 4286 1002 4338 p.
1028 4275 1060 4322 1'i
1086 4264 1169 4338 10τῇ
1194 4270 1329 4342 πρεσβείᾳ
1351 4273 1377 4322 Γ

203 4357 323 4416 att-3,
347 4350 500 4404 Pausanias
520 4347 585 4402 VIII
606 4355 652 4419 18,
672 4357 687 4405 2
708 4345 839 4420 ἕνἭρας
857 4345 931 4420 ὅρκῳ
952 4352 977 4402 O
995 4355 1098 4402 36-31
1118 4347 1220 4402 dixisse
1240 4348 1375 4414 aeteruum

203 4433 301 4498 aperte
320 4429 394 4484 enim
413 4428 458 4482 illi
475 4429 625 4501 scriptores
643 4432 713 4486 haec
731 4431 843 4499 quidam
863 4429 977 4485 nomina
991 4428 1046 4498 ipsi
1060 4429 1210 4484 commenti
1225 4432 1297 4496 sunt,
1318 4445 1372 4484 non

204 4526 238 4563 ex
256 4513 350 4564 vetere
369 4507 521 4563 traditione
540 4513 656 4579 accepta
675 4510 808 4564 tulerunt.

1127 4599 1162 4652 l*
