3306 5070
778 366 1016 432 -182-

311 535 343 595 Ε
364 530 438 614 899,
460 525 590 614 ταρβέει
614 524 745 613 (ταρβεῖ
766 523 867 614 codd.)
891 521 971 592 οὐδὲ
994 528 1146 609 φοβεῖται
1169 531 1200 592 Φ
1218 525 1292 610 575,
1316 523 1481 609 ιιοιεόμην

311 623 490 711 (ποιεύμην
512 625 611 712 codd.)
629 626 744 706 1495,
769 631 897 709 αἴγειον
921 623 996 689 κνέε
1019 620 1096 710 (κνῆ
1117 623 1216 708 codd.)
1234 619 1338 707 τυρόν
1359 629 1388 688 Λ
1407 625 1482 688 639.

311 725 410 800 Quid?
443 726 521 808 quod
555 729 644 788 etiam
673 729 708 788 Σ
734 724 797 790 136
829 717 943 805 ἠῶθεν
970 717 1035 808 γὰρ
1063 722 1183 805 νεῦμαι
1211 725 1377 786 Nauckium
1406 725 1482 786 bene

312 825 484 888 emendasse
508 835 701 904 reponentem
725 816 841 904 ἠῶθεν
863 819 981 904 νέομαι
1004 816 1069 906 γάρ
1092 833 1232 903 putamus
1251 831 1281 884 et
1301 826 1332 884 in
1351 823 1482 903 Odyssea

312 942 430 1004 quoque
463 919 604 1004 μυθέεαι
632 927 659 984 θ
689 921 753 986 180
785 917 874 983 νέεαι
903 922 921 983 λ
953 921 1013 984 111
1048 924 1147 1001 potius
1175 940 1263 1001 quam
1292 924 1429 1002 μυθεῖαι
1453 928 1484 982 et

312 1029 398 1084 vetur
423 1021 613 1082 scribendum
638 1039 703 1082 esse
728 1039 893 1082 censemus.
939 1019 999 1081 Cur
1023 1028 1122 1081 autem
1145 1022 1177 1080 in
1200 1022 1296 1099 primo
1319 1019 1394 1098 pede
1413 1038 1483 1080 con·

314 1128 423 1181 tractas
455 1120 563 1181 iormas
590 1113 711 1200 θάρσει
741 1123 773 1179 Δ
804 1115 875 1180 184.
904 1115 1007 1180 039.
1031 1117 1066 1178 Κ
1086 1115 1151 1180 383
1175 1126 1205 1178 et
1227 1108 1344 1196 ἤσκειν
1367 1116 1399 1177 Γ
1418 1115 1483 1178 388

312 1235 465 1277 removere
494 1235 552 1277 non
580 1219 645 1277 ausi
673 1219 779 1297 simus,
808 1234 898 1296 supra
922 1216 941 1294 ξ
965 1214 1005 1278 67
1035 1215 1255 1294 explanavimus
1280 1233 1375 1294 neque
1399 1215 1484 1294 quid·

313 1333 400 1394 quam
429 1333 534 1375 causae
559 1333 624 1374 csse
648 1313 812 1396 videbatur,
835 1333 927 1395 quare
952 1333 1020 1375 cum
1043 1314 1175 1374 Nauckio
1199 1312 1336 1373 traditam
1359 1313 1483 1374 iormam

313 1407 413 1476 ἐσύλα
438 1432 505 1474 oum
529 1413 705 1492 interpolata
729 1405 839 1474 ίσύλει
862 1420 1053 1474 mutaremus.

401 1506 485 1572 λοέω
502 1510 559 1572 ‘vel
586 1502 693 1573 iofs'm
722 1514 872 1590 antiquam
901 1519 931 1570 et
958 1509 1086 1570 Homero
1115 1509 1336 1588 comprobatam
1360 1511 1484 1570 iormam

313 1611 404 1670 luisse
428 1608 474 1669 vel
497 1627 532 1668 ex
556 1607 700 1670 librorum
719 1609 878 1669 traditione
897 1609 1027 1688 colligas,
1051 1609 1197 1688 siquidem
1222 1626 1256 1667 ea
1275 1609 1380 1686 viginti
1399 1609 1484 1686 quin·

312 1725 369 1784 que
397 1706 471 1766 locis
494 1708 525 1766 in
550 1705 702 1767 codicibus
730 1715 845 1766 servata
874 1713 983 1788 σκέλει,
1012 1706 1048 1767 ci.
1076 1705 1187 1766 Nauck.
1216 1704 1281 1766 mel.
1305 1703 1341 1764 lV
1366 1701 1485 1766 53—6.

311 1803 376 1874 Quo
400 1821 468 1865 cum
492 1804 613 1864 accedat
632 1804 710 1883 quod
735 1812 886 1865 contracta
912 1805 1014 1883 lorma,
1038 1806 1064 1864 si
1087 1809 1261 1864 excusatum
1285 1795 1487 1884 λελουμένος

200 1925 205 1936 ·
314 1901 343 1961 Ε
374 1898 394 1961 6
428 1902 553 1980 excipis,
591 1919 650 1960 uno
688 1903 886 1962 recentissimi
924 1903 1063 1962 carminis
1099 1900 1199 1961 iliadis
1235 1900 1300 1960 loco
1336 1896 1366 1968 Ξ
1400 1897 1417 1961 l
1456 1909 1487 1960 et

312 1998 410 2058 tribus
442 1997 590 2076 Odysseae
629 1997 701 2058 locis
739 1996 859 2073 ζ·210.
892 1995 967 2060 216.
1000 1995 1064 2059 219
1097 2008 1193 2058 metro
1226 1999 1398 2058 confirmata
1431 2005 1486 2078 est,

313 2096 449 2158 diductas
477 2096 586 2155 lormas
615 2087 731 2156 λόεσευ
756 2096 786 2155 Ε
807 2092 880 2156 905.
900 2098 938 2157 Π
958 2092 1032 2175 670,
1057 2087 1179 2156 λόεσαν
1203 2096 1238 2155 Σ
1259 2093 1332 2156 350.
1355 2095 1388 2155 Ω
1412 2093 1486 2174 587,

313 2187 472 2255 λοέσαντο
489 2193 515 2253 Ζ
530 2189 595 2254 576
615 2211 753 2252 revocare
772 2211 831 2252 non
851 2193 1059 2254 dubitavimus.
1096 2193 1188 2254 lidem
1208 2203 1307 2254 autem
1321 2185 1486 2254 λούεσθαι

316 2292 342 2352 Ζ
366 2289 429 2354 508
455 2293 522 2352 tuiti
545 2309 657 2370 sumus,
682 2298 783 2369 utpote
807 2291 886 2370 quod
910 2310 945 2351 ex
969 2283 1132 2351 λόίεσθαι
1156 2289 1314 2369 liquelacto
1338 2291 1486 2368 digammo

314 2397 413 2450 ortum
436 2407 501 2448 esse
525 2387 668 2448 videatur.

404 2485 424 2563 ἕ
453 2483 521 2546 109.
563 2485 751 2546 Coniunctivi
774 2478 921 2565 στέωμεν
941 2486 972 2546 Λ
990 2482 1064 2546 348.
1086 2485 1118 2546 X
1137 2481 1211 2564 231,
1235 2481 1340 2566 έωμεν
1363 2485 1394 2546 Τ
1411 2483 1486 2566 402,
1591 2515 1595 2526 ·

314 2578 459 2665 κτέωμεν
483 2605 501 2664 χ
525 2582 600 2662 216,
622 2577 755 2663 θέωμεν
778 2605 804 2645 ω
824 2583 899 2665 485,
923 2588 948 2646 si
967 2583 1103 2644 codicum
1124 2583 1210 2643 iidem
1231 2601 1398 2665 sequemur,
1418 2602 1486 2644 con·

316 2685 417 2743 tractis
441 2681 557 2742 duabus
576 2681 726 2741 vocalibus
745 2683 956 2760 pronuntiandi
975 2691 1071 2744 eruut.
1110 2682 1167 2742 Sed
1187 2691 1220 2744 ut
1239 2682 1378 2745 duritiem
1398 2683 1487 2744 buius

315 2781 526 2840 contractionis
545 2787 737 2860 praeteream,
757 2781 820 2860 ipsa
841 2780 942 2868 lorma,
961 2782 987 2841 si
1006 2779 1109 2858 plenos
1129 2782 1333 2840 coniunctivos
1347 2781 1487 2860 θείομεν

315 2877 466 2954 στείομεν
481 2873 630 2955 ἐρείομεν
644 2875 843 2957 τραπείομεν
858 2880 1043 2956 respicimus,
1054 2878 1276 2958 ollensioniest3
1292 2877 1485 2956 quamobrem

316 2967 453 3052 στέομεν
486 2969 585 3053 έόμεν
617 2965 754 3052 κτέομεν
785 2966 912 3054 θέομεν
944 2977 1146 3056 τεμοειιίιοοε,
1183 2983 1351 3036 contractas
1385 2985 1484 3037 autem

316 3073 425 3134 iormas
453 3066 612 3150 φθέωμεν
640 3090 663 3130 ιι
691 3068 770 3152 383,
797 3071 929 3154 φθέωσι
954 3094 979 3134 ω
1003 3071 1082 3153 437,
1111 3071 1197 3152 βῶσι
1220 3069 1236 3148 ξ
1260 3069 1303 3133 86
1327 3075 1488 3134 recentiori

282 3242 286 3250 ,
316 3179 420 3250 poetae
440 3179 470 3230 et
489 3169 671 3231 Herodoteas
696 3163 877 3250 ἐπιβέωμεν
901 3171 950 3231 Vll
974 3170 1030 3251 60,
1052 3163 1159 3231 θέωσι
1183 3170 1219 3231 lV
1245 3168 1284 3231 71
1310 3171 1398 3230 salsae
1423 3173 1486 3231 imi·

317 3269 422 3328 tatiorii
446 3269 546 3346 epicae
570 3269 668 3346 poesis
693 3266 865 3331 tribuendas
889 3291 954 3332 esse
978 3264 1191 3351 censuimus.)

407 3365 560 3425 Secundae
585 3384 727 3445 personae
752 3367 841 3427 medii
866 3377 896 3428 et
919 3370 1027 3447 passivi
1051 3369 1169 3445 generis
1188 3375 1356 3428 contractae
1376 3368 1487 3428 formae

317 3467 402 3524 vitari
432 3472 557 3543 possunt
584 3473 614 3523 et
640 3462 750 3524 debent
777 3473 828 3525 aut
856 3465 979 3526 elisione
1008 3463 1127 3525 ultimae
1156 3462 1265 3524 vocalis
1287 3463 1413 3523 admissa
1438 3473 1488 3526 aut

320 3561 420 3623 ultima
441 3560 533 3621 vocali
552 3569 619 3621 ante
640 3562 769 3621 vocalem
789 3573 925 3642 correpta
941 3581 1000 3622 non
1016 3562 1120 3642 solum,
1140 3560 1192 3621 ubi
1206 3562 1324 3622 codices
1338 3563 1487 3638 addicunt,

318 3659 397 3719 velut
420 3649 560 3738 βέβληαι
584 3647 658 3719 οὐδ’
685 3649 781 3719 ἅλιον
807 3661 837 3721 Α
856 3659 930 3740 380,
954 3652 1051 3734 ὄψεαι
1071 3648 1114 3739 ἢν
1133 3651 1304 3738 έθέλησθα
1323 3660 1356 3719 Δ
1374 3657 1490 3722 3631

317 3753 395 3836 359,
429 3747 512 3816 ἔκλε’
548 3745 598 3814 εἰτ’
629 3745 833 3836 ἀνθρώπους
859 3758 893 3818 Ω
919 3755 997 3836 202,
1030 3757 1081 3818 sed
1111 3759 1212 3838 etiam,
1241 3757 1293 3818 ubi
1320 3766 1488 3820 contractas

318 3856 427 3914 formas
455 3852 573 3913 codices
602 3851 754 3931 exhibent,
786 3852 864 3915 velut
892 3839 913 3934 ἦ
943 3846 983 3916 οὐ
1011 3847 1130 3936 μέμνη’
1164 3850 1285 3936 (μεμνῇ
1310 3849 1410 3938 codd.)
1435 3848 1488 3918 ὅτε

319 3953 347 4012 0
374 3949 423 4013 18.
449 3953 478 4010 Y
501 3947 572 4011 188.
599 3949 630 4008 Φ
653 3947 727 4012 396.
751 3971 777 4012 ω
803 3948 867 4012 115
890 3946 942 4033 (cl.
967 3947 1130 4033 μέμνησαι
1154 3955 1191 4014 Ψ
1208 3950 1272 4014 648
1292 3961 1322 4014 et
1344 3947 1488 4033 μέμνηαι

321 4051 352 4110 Φ
378 4047 474 4130 442),
502 4041 575 4123 ὅντ’
607 4038 697 4126 (ὄψει
726 4043 827 4133 codd.)
855 4045 892 4111 ἐν
918 4039 1094 4131 Ἀργείοισι
1126 4053 1163 4112 Ψ
1188 4048 1267 4128 620,
1297 4042 1370 4124 ὅψε’
1397 4045 1488 4134 (ὄψει

410 4206 435 4273 1)
459 4204 516 4257 Leo
545 4203 638 4271 Meyer
662 4203 693 4256 li.
721 4203 747 4255 Z.
775 4201 852 4256 Xllll
879 4210 930 4258 cst
959 4203 1033 4260 iusto
1056 4205 1190 4260 audacius
1218 4202 1339 4275 scolapio
1366 4203 1489 4279 ιιτέομεν

318 4277 409 4352 έὶομεν
433 4283 534 4350 corrigi
559 4281 650 4350 iubet;
679 4281 809 4338 similiter
832 4287 926 4338 cubem
950 4287 1034 4354 plena
1057 4283 1161 4340 voculis
1185 4306 1216 4352 α,
1241 4287 1401 4355 priusquam
1425 4305 1489 4343 oon-

320 4365 456 4418 trsotioue
481 4363 651 4428 hauriretur,
675 4363 702 4417 in
722 4367 836 4419 tenuem
854 4366 981 4421 vocalem
1001 4385 1013 4420 ε
1036 4369 1143 4419 mutata
1164 4369 1206 4419 est
1223 4367 1254 4419 in
1273 4365 1372 4420 ionicis
1392 4367 1488 4423 formis

318 4438 457 4512 Ἀιρείδιοι
477 4437 609 4504 introires
628 4441 743 4512 θυρέων
762 4446 843 4501 νεῶν.
