3280 5104
634 416 872 482 -107-

170 578 203 640 K
223 576 290 640 420
313 563 344 640 et
366 571 560 658 ἀγακλειτοί
580 580 607 640 Β
625 577 700 640 564.
723 579 767 640 Μ
788 579 864 661 101,
888 599 942 640 nos
967 588 1092 660 unaque
1116 582 1210 642 torma
1229 583 1339 642 reiecta

170 687 285 738 veteres
314 677 422 738 formas
446 677 581 738 diductas
603 667 761 751 ἀκλελέας
788 671 960 760 ἐνρρεέἕος
989 673 1172 759 {appaream
1201 674 1340 752 σπέλεος

166 771 281 839 aaudiat
302 770 534 838 xotvnla‘fcroe
557 775 737 836 revocandas
761 793 827 836 esse
851 792 1016 836 censemus.
1337 841 1339 846 .

249 867 334 958 Ἀρη
358 865 494 956 τῖ”Αρει
514 875 545 934 Ε
563 871 635 936 757.
662 872 697 934 d·
718 871 789 935 112.
813 871 893 955 4313
917 891 971 934 nos
994 893 1062 935 cum
1086 881 1246 953 utrumque
1268 875 1340 934 leni

168 991 258 1053 posse
283 973 460 1054 videremus,
483 975 689 1034 auctoritatem
712 973 825 1034 codicis
848 974 951 1051 optimi
975 973 1071 1034 secuti
1094 989 1206 1032 sumus.

257 1063 413 1152 κεχάνδει
446 1079 475 1131 et
506 1063 650 1151 κεχάνβη
678 1071 711 1132 Ω
741 1067 817 1152 192,
848 1061 914 1152 ήδη
942 1078 973 1130 ct
999 1061 1132 1152 fidac'A
1154 1066 1206 1133 70.
1235 1067 1338 1131 838.

167 1169 233 1231 213
254 1178 311 1230 etc.
330 1169 543 1249 Aristarchum,
566 1171 653 1229 cuins
678 1171 799 1248 vestigia
822 1169 894 1248 legit
916 1167 1056 1229 librarius
1079 1167 1190 1228 codicis
1209 1166 1278 1228 Ven.
1300 1170 1342 1248 A,

167 1267 280 1347 ubique
312 1258 378 1348 ήδη
407 1266 577 1328 exhibuisse
606 1265 747 1347 Didymus
775 1268 812 1328 ad
841 1269 873 1330 E
898 1265 954 1346 64,
987 1266 1081 1346 Etpm.
1104 1265 1147 1333 ‚lt
1175 1263 1254 1346 419,
1287 1263 1338 1345 25,

166 1367 341 1445 Anonymus
364 1363 491 1424 Belalaeri
514 1363 647 1424 anecdot.
671 1383 699 1443 p.
720 1362 804 1426 1288
826 1365 949 1446 docent3
972 1374 1075 1426 contra
1094 1363 1233 1443 Cobetns,
1256 1366 1340 1426 misc.

166 1466 233 1524 orit
264 1473 293 1542 p.
322 1459 388 1524 300
418 1470 516 1541 spreta
550 1461 715 1523 Aristarchi
746 1473 776 1522 et
808 1463 945 1525 codicum
978 1465 1155 1524 auctoritate
1188 1461 1337 1540 analogiae

165 1561 249 1640 leges
278 1559 356 1621 solas
384 1559 551 1639 probandas
579 1568 609 1619 ct
637 1569 670 1620 ut
696 1554 850 1641 κεχάνδει
878 1554 1045 1642 ἐτεθήπει,
1076 1563 1118 1621 sio
1147 1564 1235 1621 etiam
1263 1553 1337 1644 ήὸει

162 1657 356 1720 scribendum
376 1677 441 1720 esse
460 1659 585 1719 censuit.
623 1656 683 1718 Nos
703 1667 762 1720 tam
780 1668 900 1722 cantium
915 1669 1035 1738 tamque
1050 1658 1183 1720 sobrium
1197 1660 1335 1721 criticum

162 1754 369 1817 Aristarchum
399 1759 547 1836 novimus,
583 1763 615 1817 ut
642 1773 711 1816 eum
740 1775 797 1817 non
818 1759 905 1838 ¹quod
935 1758 1144 1818 Atheniensem
1173 1756 1336 1819 Homerum

162 1855 255 1915 luisse
284 1856 411 1935 putavit,
439 1857 558 1915 atticam
587 1856 711 1915 sormam
734 1846 799 1936 ήδη
823 1855 970 1916 invexisse
994 1855 1163 1934 credamus,
1192 1853 1243 1915 sed
1268 1857 1336 1934 qaria

162 1953 238 2012 hane
268 1956 393 2012 termam
421 1961 451 2013 et
478 1956 509 2013 in
534 1955 596 2014 suis
619 1953 773 2014 codicibus
797 1954 908 2013 invenit
931 1963 962 2014 et
986 1971 1021 2014 ex
1044 1971 1096 2014 ore
1121 1951 1335 2032 rhapsodornm

139 2051 274 2110 'veteris
298 2051 549 2128 pronuntiationis
572 2052 720 2112 tenacium
745 2051 869 2128 excepit.

252 2147 346 2228 pilato
370 2157 400 2208 et
422 2145 505 2227 βλήο
530 2147 568 2208 Ν
587 2143 666 2229 288,
694 2145 815 2207 alteram
845 2146 1015 2228 lectionem,
1043 2155 1076 2207 ul
1104 2167 1180 2226 qrrae
1204 2147 1335 2227 analogia

165 2250 328 2310 formarum
343 2236 508 2324 βλήμενος
522 2242 623 2325 βλήτο
638 2236 772 2325 βλήεται
787 2244 1055 2328 commendaretur,
1065 2248 1172 2306 merito
1183 2245 1336 2307 lieltherus

163 2346 296 2408 Cobetus
319 2343 470 2405 Nauckius
494 2351 736 2422 anteposuerunt.

251 2441 362 2525 μεθίει
399 2451 429 2503 et
465 2441 567 2522 μεθίη
602 2442 634 2503 Φ
666 2441 722 2522 72,
758 2437 909 2520 ααθήσεν
941 2450 972 2502 et
1003 2445 1161 2504 καθεῖσεν
1194 2445 1228 2503 Σ
1258 2443 1334 2519 389,

163 2535 332 2624 ἀκαχήατο
356 2549 387 2602 et
409 2534 583 2620 ἆταχείατο
606 2540 651 2602 Μ
668 2538 739 2620 179,
763 2531 871 2611 ἐάσεις
893 2547 923 2599 et
946 2531 1045 2622 ἐπίσης
1066 2542 1095 2600 Τ
1112 2540 1185 2620 311,
1211 2556 1336 2621 σμαρα-

163 2635 249 2722 γήση
269 2646 300 2699 ct
318 2633 522 2719 σμαραγήσει
544 2637 576 2698 Φ
597 2635 668 2718 199,
686 2628 825 2698 ἀνάσσει
845 2645 875 2696 et
893 2628 1019 2699 ἄνασσε
1041 2639 1073 2699 Φ
1091 2635 1143 2718 86,
1166 2635 1336 2720 ἐπισχοίης

163 2747 206 2800 et·
221 2734 385 2817 ἐπίσχοιες
406 2732 437 2804 ,Ξ
458 2733 531 2817 241,
554 2737 656 2815 θηολο
681 2742 711 2796 et
733 2737 844 2796 βειοῑο
868 2735 901 2796 Ω
923 2731 998 2811 418,
1021 2729 1185 2817 φοιτήτην
1208 2745 1239 2797 et
1261 2757 1334 2817 φοι-

163 2823 274 2916 ἓείτην
296 2833 340 2896 Μ
358 2831 433 2914 266,
456 2827 587 2912 Πηλέος
610 2841 640 2893 ct
663 2826 802 2912 Πηλέως
824 2836 855 2893 Α
878 2831 957 2912 489,
979 2819 1058 2913 ηὖτε
1083 2843 1112 2896 ct
1136 2820 1209 2896 εὖτε
1232 2834 1264 2896 Γ
1286 2833 1335 2914 10,

167 2935 197 2996 Τ
220 2933 299 3012 386,
330 2927 432 3014 χέρηα
463 2941 495 2992 et
520 2926 630 3012 χέρεια
659 2931 692 2990 Δ
718 2927 792 2991 400.
820 2927 851 3000 Ξ
876 2927 995 3014 3821
1027 2929 1089 2993 176
1113 2926 1154 3015 (v.
1179 2933 1333 2994 Lalioche

164 3033 247 3094 llom.
276 3029 397 3092 Texthr.
425 3049 453 3109 p.
480 3026 545 3090 378
573 3021 666 3108 sqq),
698 3025 769 3107 μείς
792 3037 822 3088 et
844 3021 908 3108 μής
939 3027 970 3088 Τ
996 3027 1070 3110 117,
1102 3029 1271 3111 πετεηνῶν
1304 3039 1334 3092 et

162 3126 340 3192 πετεεινῶν
365 3129 394 3187 Ρ
412 3124 486 3208 675,
509 3117 577 3206 μήν
599 3135 629 3186 et
652 3119 714 3205 μέν
732 3125 761 3185 Β
781 3123 855 3186 291.
875 3126 908 3186 Ω
928 3123 981 3188 52.
1000 3141 1023 3185 π
1042 3123 1121 3206 440;
1146 3127 1219 3188 haec
1243 3129 1282 3188 ita
1302 3131 1333 3189 in

163 3227 317 3288 codicibus
339 3227 462 3304 variant,
486 3231 519 3284 ut
542 3223 662 3285 difficile
686 3223 720 3284 ad
745 3223 966 3285 diiudicandum
991 3225 1044 3304 sit,
1069 3233 1169 3285 urtrrnn
1192 3244 1207 3284 a
1232 3233 1333 3286 vetere

163 3329 310 3404 scriptura
353 3326 431 3384 varie
474 3324 652 3402 transcripta
693 3339 730 3382 an
772 3322 808 3383 ab
850 3322 985 3382 socordia
1023 3321 1210 3388 librariorum
1249 3326 1332 3404 origo

163 3422 314 3482 varietatis
337 3419 498 3500 repetenda
521 3422 569 3481 sit

106 3581 110 3590 ,
251 3515 347 3596 §eit
392 3515 464 3597 βῶν
491 3525 521 3578 et
548 3513 635 3597 βοῦν
658 3515 795 3597 11238,
823 3536 877 3578 nos
900 3517 1071 3578 Aristarcho
1094 3517 1165 3599 βῶν
1188 3520 1333 3582 scribenti

161 3635 276 3678 morem
295 3617 450 3696 gessimus,
465 3623 499 3677 ut
516 3617 581 3694 ipsa
601 3615 693 3676 lorma
713 3624 831 3675 scutum
851 3613 990 3675 bovinum
1005 3635 1020 3676 a
1036 3615 1109 3677 bove
1124 3618 1331 3697 distinguatur.

250 3703 401 3776 πεπτεότ’
435 3721 466 3774 et
496 3704 654 3774 πεπτεῶτ’
692 3711 723 3772 Φ
754 3709 828 3772 503.
861 3733 880 3792 χ
912 3710 991 3795 384;
1020 3733 1087 3796 nos,
1115 3735 1182 3777 cum
1211 3715 1332 3776 Homeri

160 3819 257 3872 aetate
281 3810 387 3872 Graeci
414 3801 585 3872 πεπτεῶτ’
616 3811 715 3872 dicere
739 3807 870 3870 nondum
894 3810 1018 3874 desiisse
1043 3814 1205 3891 videantur,
1229 3812 1330 3873 diduc-

161 3918 220 3971 tam
245 3909 370 3970 lormam
394 3917 425 3970 et
448 3908 567 3970 brevem
591 3908 721 3970 vocalem
744 3912 976 3988 anteposuimus.

248 3999 422 4087 opsdovdv
446 4014 478 4066 et
500 4003 679 4086 σφεδανῶν
700 4003 824 4087 111542,
848 4006 939 4068 altera
963 4009 1051 4068 lectio
1075 4010 1111 4068 iis
1131 4010 1331 4087 grammaticis

160 4103 265 4166 deberi
289 4104 415 4185 videtur,
438 4106 491 4184 qui
514 4103 647 4164 ultimam
670 4104 809 4186 syllabam
834 4107 862 4165 vi
885 4109 963 4167 lctus
986 4105 1112 4184 produci
1133 4123 1220 4184 posse
1244 4125 1330 4187 nega-

160 4202 232 4263 bant
255 4209 306 4262 aut
330 4219 388 4263 noo
413 4203 619 4262 meminerant.

249 4292 361 4380 ἄωρτο
385 4307 416 4360 et
438 4291 540 4378 ἅορτο
566 4299 598 4361 Γ
611 4297 676 4362 272
700 4310 730 4363 et
756 4301 786 4361 T
800 4299 880 4382 2533
903 4301 1023 4362 brevem
1046 4299 1176 4362 vocalem
1199 4303 1330 4384 analogia

162 4399 301 4460 similium
335 4397 550 4477 perlectorum,
583 4397 663 4460 velut
690 4399 792 4462 ἔολπα
820 4397 920 4479 ἔοργα
948 4396 1067 4477 ἔμμορε
1096 4397 1229 4479 ε’φθορα
1250 4405 1329 4468 satis

163 4505 271 4557 tuetur.
317 4493 402 4566 Quod
430 4493 525 4556 solum
551 4497 579 4556 in
603 4499 781 4558 contrariam
806 4505 919 4576 partem
944 4494 1061 4557 trahere
1084 4495 1202 4558 videtur
1226 4497 1329 4582 ἔωθε,
