3280 5104
739 383 982 456 -148-

273 559 351 639 qood
389 558 424 619 ad
462 575 565 618 eorum
603 556 763 634 analogiam
801 553 945 615 lectiones
973 553 1107 614 codicum
1135 541 1297 632 ’κομείτην
1325 551 1353 610 Θ
1382 547 1446 609 113

274 655 453 738 δορπείτην
478 676 496 717 ο
521 653 586 716 302
611 657 762 732 corrigere
786 671 845 712 non
869 671 960 712 ansus
985 671 1059 714 sum.
1097 650 1155 711 Sed
1176 649 1282 712 dubios
1306 649 1379 709 dnos
1399 667 1446 706 ro·

273 753 345 816 calis
372 774 393 833 q
427 760 457 813 ct
486 753 661 833 diphthongi
688 771 717 812 ει
750 752 813 812 sine
839 751 974 812 codicum
999 749 1146 828 praesidio
1169 748 1341 810 discernere
1365 745 1448 806 dobi-

154 885 158 892 ·
275 854 348 932 tavi,
371 853 548 931 pracsertim
567 869 635 912 cum
656 850 736 929 quod
755 850 856 909 Asiani
875 848 979 909 deoles
997 847 1130 928 φίλημι,
1148 846 1177 907 id
1198 846 1301 906 Boeoti
1319 844 1447 924 φίλειμι

273 950 402 1010 dixerint
430 958 460 1009 et
483 948 641 1009 llomerico
671 950 807 1026 genetivo
831 939 956 1025 πόληος
979 944 1178 1025 respondeant
1206 946 1327 1005 atticum
1357 933 1447 1020 ίδρύ-

274 1063 371 1120 σειως
399 1047 495 1108 C.l.d.
526 1046 550 1106 ll
583 1044 644 1108 168
674 1053 704 1106 et
731 1044 890 1106 Prieneom
917 1036 1060 1116 πόλειως
1083 1043 1179 1104 C.l.G.
1204 1036 1331 1123 2907.¹)
1373 1039 1446 1099 Corr-

274 1149 395 1207 teariam
418 1147 494 1206 viam
519 1146 595 1205 inire
615 1142 718 1203 moluit
737 1142 899 1223 BelleruS,
923 1144 974 1221 qni
993 1160 1051 1201 non
1068 1141 1161 1201 solnm
1178 1132 1348 1220 δορπήτην
1364 1140 1447 1197 msti-

275 1246 331 1304 tuit
356 1275 395 1284 -
421 1241 580 1323 κομείτην
603 1242 704 1301 nescio
729 1259 785 1319 qua
810 1241 901 1301 animi
924 1239 1058 1299 socordia
1083 1241 1226 1300 intactum
1261 1236 1382 1317 reliquit
1405 1270 1447 1276 —

275 1343 327 1402 sed
361 1343 449 1400 etiam
482 1338 580 1418 τίθης
612 1337 753 1417 οῑτίθη
786 1356 840 1417 pro
877 1335 983 1408 τίθεις
1012 1343 1041 1395 et
1070 1335 1160 1397 τίθει
1194 1335 1325 1396 scribere
1358 1353 1448 1394 ausus
1562 1353 1565 1360 ⁴

275 1448 330 1521 cst,
354 1458 413 1518 quo
433 1439 551 1498 nomine
565 1437 673 1496 merito
688 1454 755 1496 eom
771 1435 963 1513 reprehendit
978 1434 1115 1514 Cobetus,
1140 1435 1221 1494 misc.
1242 1435 1308 1493 crit.
1326 1451 1354 1512 p.
1375 1429 1447 1494 282.

277 1536 388 1598 Similis
401 1537 617 1596 inconstantiae
632 1536 744 1596 crimen
765 1551 824 1592 non
844 1533 914 1614 lugi,
930 1534 1007 1613 qood
1028 1532 1164 1594 codicum
1181 1533 1386 1592 auctoritatem
1403 1549 1446 1590 se-

275 1643 364 1696 cutus
388 1626 536 1714 δάμνημι
560 1641 590 1694 et
613 1625 759 1712 δάμνησι
785 1632 815 1691 Ε
834 1628 906 1691 746.
927 1627 1000 1692 893.
1024 1627 1145 1691 0890.
1172 1629 1204 1690 Φ
1221 1627 1284 1690 401
1310 1629 1449 1709 idemque

276 1725 405 1814 ἐδάμνα
429 1733 461 1793 Ε
482 1729 557 1792 391.
581 1727 701 1800 Ξ439.
729 1729 760 1788 Φ
783 1726 834 1818 52,
860 1727 936 1806 270,
961 1721 1074 1808 δάμνα
1099 1728 1136 1786 Π
1158 1724 1233 1806 103,
1256 1725 1356 1788 πίτνα
1379 1728 1410 1787 Φ
1429 1725 1446 1787 7

277 1833 394 1910 scripsi.
432 1831 528 1909 Atque
553 1829 632 1909 quod
657 1831 687 1888 in
702 1826 833 1905 Odyssea
858 1829 971 1886 variant
995 1827 1113 1887 codices
1128 1824 1215 1885 modo
1229 1824 1327 1905 κίρνη
1343 1820 1382 1897 (π
1395 1823 1447 1885 52.
1513 1859 1518 1868 ·

277 1923 293 2002 ξ
314 1922 370 2011 78)
395 1927 483 1988 modo
507 1923 621 2008 ἐκίρνα
648 1921 682 2006 (η
708 1922 780 1985 182.
804 1944 824 1984 κ
843 1920 916 1984 356.
936 1945 956 1985 ν
977 1919 1034 2006 53)
1054 1923 1238 2002 exhibentes
1261 1925 1291 1982 in
1316 1922 1449 2002 Naorlrii,

275 2025 342 2087 mel.
366 2024 403 2084 tv
426 2021 501 2105 485,
526 2032 556 2085 et
579 2023 696 2104 Naberi,
720 2029 832 2100 quaest.
862 2021 945 2081 llom.
970 2041 998 2101 p.
1024 2018 1075 2102 84,
1110 2011 1285 2081 sententiam
1311 2021 1449 2081 omnilms

277 2124 350 2185 locis
384 2117 495 2204 δάμνη
529 2121 628 2201 πίννη
657 2119 753 2202 κίρνη
788 2121 996 2198 reponentium
1028 2137 1076 2178 me
1108 2121 1166 2179 iam
1200 2118 1347 2200 trahebat,
1381 2138 1448 2179 cnm

275 2224 384 2282 iterum
410 2220 584 2300 scrupulum
608 2218 681 2279 milri
700 2220 868 2278 iniecerunt
887 2216 993 2277 latinae
1014 2217 1124 2278 lormae
1145 2212 1289 2277 ‘declinat
1308 2213 1449 2297 dannras',

277 2319 356 2380 unde
381 2317 484 2378 dubito
508 2335 544 2376 an
570 2309 698 2396 ἐδάμνα
722 2322 753 2376 et
784 2308 894 2394 δάμνα
922 2317 1097 2394 praesertim
1127 2317 1156 2374 in
1186 2313 1316 2374 clausola
1345 2333 1450 2374 versos

277 2435 312 2476 ex
337 2423 436 2475 vetere
459 2415 619 2493 graecitate
644 2413 819 2473 resederint.

367 2513 387 2591 ξ
410 2509 462 2574 90.
504 2512 715 2573 Coniunctiros
738 2513 768 2572 in
793 2531 833 2572 ιω
858 2530 910 2591 ιης
933 2529 967 2591 ιη
991 2529 1087 2590 ιομεν
1111 2529 1174 2570 ιετε
1198 2511 1279 2570 iuxta
1302 2513 1450 2590 optativos

279 2615 310 2672 in
334 2629 390 2690 ιην
414 2631 466 2690 ιης
490 2631 523 2690 ιη
548 2629 644 2689 ιημεν
668 2629 736 2687 ιητε
760 2608 888 2668 Homero
912 2610 941 2667 in
970 2627 1028 2668 usu
1051 2607 1143 2668 inisse
1162 2617 1250 2688 atque
1274 2611 1388 2688 origine
1408 2611 1451 2669 ln-

278 2717 415 2769 turornm
444 2707 539 2767 dorici
566 2703 697 2786 κρνψίω
721 2713 751 2766 et
779 2707 915 2766 sanseriti
944 2704 1109 2785 hhdtsyami
1137 2705 1255 2766 delendi
1278 2708 1402 2785 exposui
1421 2709 1450 2767 in

278 2807 372 2868 Rhen.
396 2806 470 2866 llos.
496 2803 615 2864 XXXVI
635 2802 677 2865 28
693 2822 756 2883 sqq.
803 2802 898 2862 liuius
923 2805 1105 2863 conirrnctiri
1128 2804 1293 2864 certissima
1317 2804 1451 2884 exempla

279 2914 350 2966 sunt
377 2902 492 2984 μετείω
526 2904 563 2963 Ψ
582 2900 624 2964 47
655 2909 683 2962 et
706 2902 757 2983 είη
782 2900 820 2960 Η
839 2897 912 2961 339.
936 2900 958 2960 1
977 2897 1051 2981 245,
1074 2920 1149 2979 quae
1174 2920 1208 2961 ex
1233 2915 1397 2981 μετ-εσ-ιω
1422 2910 1452 2962 et

280 2998 366 3084 ἐσ-ιη
395 3009 458 3061 orta
488 3018 553 3060 esse
582 3017 685 3060 omnes
713 2999 890 3077 concedent,
916 2999 975 3058 nisi
998 3000 1049 3077 qui
1073 3007 1172 3059 nostra
1197 3001 1338 3060 memorio
1362 2999 1451 3060 falsae

279 3099 429 3178 analogiae
457 3099 626 3176 praestigiis
655 3096 728 3157 nihil
752 3115 811 3156 non
836 3095 982 3174 explicare
1007 3103 1058 3156 aut
1081 3097 1259 3176 detorquere
1283 3116 1370 3177 posse
1395 3097 1452 3158 silri

279 3197 425 3258 videntur.
471 3194 583 3256 Deinde
612 3197 760 3256 constanti
784 3195 919 3255 codicum
945 3193 1000 3252 side
1025 3194 1181 3255 firmantur
1204 3194 1314 3255 formae
1337 3197 1451 3274 primae

279 3313 424 3373 personae
448 3292 605 3370 singularis
630 3301 660 3352 et
680 3289 807 3388 pluralis
831 3293 948 3352 numeri
970 3290 1169 3372 τραπείομεν
1193 3292 1225 3354 Γ
1238 3291 1313 3356 441.
1332 3290 1362 3363 Ξ
1378 3291 1451 3355 314.

280 3396 306 3453 θ
330 3390 410 3472 292,
438 3391 576 3470 θείομεν
600 3393 632 3452 Α
657 3387 729 3450 143.
758 3391 795 3450 Ψ
817 3387 890 3450 244.
914 3385 988 3451 486.
1013 3411 1033 3451 ν
1057 3388 1131 3453 364.
1154 3410 1179 3470 φ
1203 3389 1282 3472 264,
1309 3391 1394 3453 θείω
1419 3393 1455 3452 Π

281 3486 332 3551 83.
360 3485 436 3550 437.
464 3489 499 3548 Σ
524 3484 598 3550 387.
622 3509 642 3548 α
667 3485 718 3548 89.
742 3507 757 3548 ε
782 3484 833 3548 91.
857 3508 870 3549 ι
893 3480 967 3548 517.
992 3509 1010 3548 ο
1036 3484 1087 3568 75,
1110 3487 1246 3568 θείομαι
1270 3489 1303 3549 Σ
1324 3486 1400 3551 409.
1423 3491 1455 3551 Χ

192 3635 197 3645 .
281 3583 355 3648 111.
382 3604 400 3645 τ
430 3584 484 3665 17,
516 3585 628 3666 κιχείω
657 3586 689 3645 A
716 3581 767 3645 26.
797 3583 829 3644 Γ
853 3581 926 3646 591.
957 3585 984 3646 Ζ
1012 3583 1086 3646 228.
1116 3587 1147 3646 Λ
1170 3583 1244 3647 367.
1271 3587 1300 3646 Y
1320 3584 1395 3648 454.
1421 3587 1454 3647 Σ

282 3682 359 3764 114,
386 3681 553 3763 κιχείομεν
583 3683 616 3743 Φ
645 3680 721 3764 128,
752 3677 901 3762 ἐρείομεν
925 3686 957 3743 Α
980 3680 1036 3762 62,
1064 3680 1164 3743 δαείω
1188 3683 1222 3743 Κ
1243 3680 1322 3765 425,
1351 3680 1451 3764 ἐφείω

280 3784 312 3841 A
332 3777 406 3859 567,
425 3779 549 3859 μεθείω
569 3777 686 3859 Γ414,
711 3797 783 3860 quas
802 3782 854 3859 qui
873 3782 903 3840 in
926 3773 1118 3862 τραπήομεν
1141 3773 1271 3862 θήομεν
1294 3775 1453 3863 κιχήομεν

282 3869 375 3958 ἐφήω
400 3886 511 3938 temere
535 3877 727 3956 corrigendas
750 3895 816 3938 esse
840 3887 972 3957 censent,
996 3897 1055 3938 non
1079 3879 1218 3940 audiendi
1241 3888 1319 3940 sunt.
1362 3880 1454 3940 Paulo

281 3977 338 4035 iam
367 3974 516 4035 difficilior
543 3984 589 4044 est
617 3993 704 4036 causa
729 3976 910 4035 coniunctivi
933 3974 1149 4056 καταβείομεν
1175 3976 1208 4036 K
1229 3973 1286 4059 97,
1315 3979 1453 4056 qnoniam

281 4081 311 4132 et
339 4071 470 4150 analogia
500 4081 666 4134 ceterarum
696 4072 857 4133 formarum
885 4071 974 4134 huius
1003 4071 1084 4134 verbi
1107 4070 1150 4152 βῆ
1174 4070 1281 4153 βῆμεν
1304 4067 1403 4153 βιβάς
1426 4082 1455 4134 et

371 4230 397 4296 1)
420 4226 529 4280 Divisio
562 4227 708 4282 verborum
738 4224 828 4294 qdinti
857 4243 953 4280 versun
989 4224 1068 4280 tituli
1110 4229 1456 4282 ΗΝΩΓΟΝΠΟΑΕΙΩΣ

282 4306 844 4362 ΦΤΛΑΚΟΓΧΩΡΟΝΤΑΠΕΔΕΙΞΑΝ
883 4324 939 4361 non
980 4305 1065 4376 plene
1107 4308 1185 4360 certe
1221 4308 1277 4375 eei,
1327 4309 1453 4362 etiamen

281 4385 415 4439 Boeclrhii
443 4383 545 4440 divisio
573 4381 684 4454 ἤνωγον
708 4380 827 4448 αόλειως
850 4382 980 4454 φύλακον
1003 4385 1094 4454 magis
1117 4384 1186 4439 mihi
1210 4387 1347 4456 probatur
1370 4404 1452 4457 qnam

281 4461 393 4518 Kaibeli
411 4465 506 4534 Epigr.
526 4482 567 4535 gr.
585 4483 612 4534 p.
634 4472 685 4520 174
704 4460 816 4534 ἤνωγον
834 4462 915 4520 πόλει
934 4461 971 4528 ὡς
990 4462 1126 4534 φύλακον.
