3276 5090
665 349 877 414 -21„

179 509 212 572 Ω
236 507 325 570 6-9
348 529 384 570 ex
408 509 524 591 Cypriis
548 512 668 574 lluxisse
694 512 800 592 videri,
823 513 969 592 siquidem
994 511 1154 573 Homerum
1179 521 1355 594 veteresque

178 605 356 668 llomeridas
388 626 486 688 neque
518 609 634 671 Paridis
666 609 809 670 iudicium
846 628 943 689 neque
976 609 1097 670 Achillis
1125 617 1155 671 et
1187 610 1354 672 Deidamiae

178 723 298 766 amores
331 709 448 766 novisse
481 717 561 768 recte
599 715 742 768 statuunt.
793 707 931 768 Chironis
963 725 1082 787 quoque
1114 712 1354 769 commemoratio

178 802 317 864 versibus
346 805 383 864 Π
409 801 583 866 143-144
599 833 640 854 =
660 805 690 864 T
713 801 887 866 390-391
918 805 993 865 lacta
1021 804 1170 866 Zenodoto
1199 807 1353 868 offensioni

177 901 250 980 luit,
274 901 325 961 sed
350 919 418 962 eum
442 921 550 964 nomen
573 895 748 982 Πηλιάδος
770 899 884 981 μελίης
907 921 923 962 a
942 901 1070 963 Chirone
1096 903 1202 965 Achilli
1225 923 1352 966 commo·

176 998 264 1059 datae
291 1005 394 1078 postea
422 999 539 1061 duobus
567 999 640 1062 loeis
671 1001 702 1060 Φ
726 996 790 1061 162
818 1007 848 1058 et
876 999 909 1059 X
931 997 993 1061 133
1023 1002 1215 1082 respiciatur,
1248 1021 1352 1064 versus

175 1097 252 1156 istos
275 1095 414 1157 damnare
438 1097 578 1159 dubitavi.
617 1097 683 1177 lpsa
707 1107 806 1160 autem
829 1099 970 1177 impedita
989 1106 1019 1158 et
1038 1105 1173 1160 contorta
1193 1100 1350 1162 verborum

175 1196 373 1308 constructip
386 1195 497 1256 indicio
520 1203 567 1257 est
592 1213 695 1257 versus
719 1195 747 1256 Θ
769 1193 946 1258 230-232

277 1337 289 1361 .
337 1313 392 1372 ας,
416 1283 511 1356 ὁπότ’
537 1289 575 1355 ἐν
599 1286 741 1376 Λήμνῳ,
764 1287 955 1372 κενεαυχέες
977 1285 1170 1374 ἠγοράασθε

337 1389 495 1465 ἔσθοντες
518 1387 598 1473 κρέα
621 1383 727 1453 πολλὰ
751 1387 844 1469 βοῶν
868 1381 1144 1471 ὀρθοκραιράων,

336 1489 489 1563 πίνοντες
512 1487 678 1570 κρητῆρας
701 1485 894 1569 ἐπιστεφέος
915 1489 1046 1550 rotroco

172 1575 336 1665 a'cyclico
368 1587 580 1666 interpolatore
612 1589 643 1647 in
672 1585 792 1648 Homeri
825 1589 955 1647 carmina
988 1589 1121 1648 invectos
1149 1607 1223 1649 esse.
1270 1589 1348 1651 Alias

173 1683 317 1762 quasdam
347 1684 472 1764 cyclicas
500 1684 744 1763 interpolationes
772 1687 830 1746 iam
858 1683 894 1744 ab
919 1683 1125 1745 Alexandrinis
1148 1691 1348 1764 grammaticis

173 1783 285 1842 eiectas
313 1799 379 1842 esse
407 1781 519 1843 scholia
548 1782 713 1843 Victoriana
742 1783 777 1842 ad
806 1781 844 1843 N
868 1779 941 1844 433.
973 1779 1075 1842 022.
1103 1784 1131 1842 Y
1152 1779 1202 1843 30.
1227 1784 1259 1844 Ω
1283 1783 1348 1848 803

173 1887 325 1940 testantur
348 1887 378 1940 et
400 1880 537 1940 codicum
561 1881 740 1960 optimorum
760 1877 914 1940 ‘consensu
936 1881 971 1940 Π
989 1877 1051 1942 381
1073 1880 1225 1958 probatur.
1264 1882 1348 1943 Deni-

172 1993 232 2055 que
256 1975 386 2055 cyclicus
409 1986 504 2056 poeta,
528 1978 580 2056 qui
603 1975 767 2056 catalogum
792 1979 910 2038 navium
935 1980 1027 2037 veteri
1050 1975 1133 2038 iliadi
1157 1979 1348 2040 inserendum

173 2075 299 2153 curavit,
318 2073 419 2134 multis
439 2091 507 2134 eum
528 2073 663 2134 versibus
682 2074 794 2152 ditavit,
818 2076 871 2152 qui
888 2073 924 2134 ad
945 2073 1058 2134 labulas
1077 2095 1093 2134 a
1112 2074 1232 2154 cyclicis
1250 2079 1348 2154 poetis

173 2179 237 2230 tum
266 2173 391 2232 maxime
421 2170 583 2232 celebratas
612 2170 798 2251 spectabant,
826 2170 917 2231 veluti
945 2167 1134 2252 deo-¹694,
1163 2168 1348 2254 699-709,

174 2265 349 2330 721-728
374 2276 404 2330 el
427 2269 553 2330 fortasse
576 2271 665 2330 ctiam
692 2263 878 2330 595-600.

260 2364 399 2426 Herculis
437 2367 529 2426 lamae
562 2368 663 2426 tenuia
701 2373 816 2426 notum
849 2369 970 2445 vestigia
1004 2373 1121 2428 exstant
1157 2371 1188 2428 in
1224 2369 1345 2432 Homeri

171 2463 264 2524 ionici
291 2469 395 2542 poetae
424 2462 620 2543 carminibus,
648 2462 770 2525 collecta
799 2462 847 2523 illa
878 2471 908 2524 et
936 2462 1079 2542 explicata
1106 2464 1143 2525 ab
1172 2465 1345 2529 Emersonio

172 2581 239 2623 meo
262 2565 294 2622 in
316 2559 415 2622 libello
439 2560 475 2620 de
499 2559 627 2623 Hercvde
646 2560 819 2642 Homerico,
842 2560 984 2639 ampliora
1008 2561 1232 2624 inculcaverant
1255 2567 1345 2624 inter-

170 2659 321 2739 polatores
354 2660 382 2720 Β
415 2657 591 2722 658-670
623 2668 654 2721 et
689 2659 719 2718 T
745 2655 899 2720 95-136
932 2667 961 2718 et
990 2659 1020 2718 Α
1048 2655 1225 2720 689—705
1258 2669 1287 2720 et
1317 2662 1348 2722 Ε

169 2754 362 2838 403-404,
390 2775 518 2836 quorum
541 2757 674 2818 locorum
699 2755 821 2817 ultimus
844 2759 874 2816 in
899 2758 1002 2836 primis
1026 2756 1062 2817 ad
1086 2756 1345 2835 interpolationem

168 2855 366 2934 detegendam
389 2863 477 2934 aptus
500 2862 554 2933 est,
578 2855 646 2932 quia
668 2852 838 2934 interpolati
857 2871 961 2914 versus
981 2853 1053 2914 lalso
1072 2852 1136 2916 loco
1156 2854 1193 2915 ab
1212 2855 1344 2917 redacto-

169 2952 256 3014 ribns
279 2952 463 3012 Pisistrateis
487 2951 623 3012 collocati
646 2960 724 3012 suot.
770 2951 852 3012 ldem
875 2969 960 3012 error
984 2953 1015 3011 in
1038 2951 1092 3012 alia
1116 2954 1344 3032 interpolatione

170 3052 304 3111 occurrit
328 3052 404 3111 sexti
426 3049 495 3110 libri
520 3049 546 3110 Z
570 3046 754 3128 200-205,
778 3067 905 3128 quorum
929 3067 1070 3110 versuum
1089 3051 1225 3114 ordinem
1244 3053 1344 3116 turba-

172 3155 236 3209 tum
260 3165 326 3208 esse
350 3165 405 3208 suo
428 3147 493 3207 loeo
516 3149 695 3208 monuimus.

259 3245 302 3306 Ad
323 3243 478 3306 Thebanae
498 3263 567 3306 vero
582 3244 695 3306 labulas
710 3246 808 3307 refero
826 3264 929 3306 versus
944 3248 978 3306 Δ
991 3243 1055 3308 398
1071 3255 1101 3307 et
1116 3248 1142 3308 Z
1158 3245 1343 3334 aaa-223,

168 3361 298 3422 quorum
331 3345 462 3421 priorem
494 3345 609 3421 primus
641 3362 696 3422 ego
723 3345 837 3423 notavi,
870 3341 1001 3422 reliquos
1028 3345 1086 3403 iam
1115 3343 1165 3406 alii
1192 3347 1344 3410 eiciendos

167 3459 235 3501 esse
259 3439 477 3502 intellexerunt.
513 3441 615 3520 Neque
635 3440 747 3520 dubito,
771 3444 844 3520 quin
865 3458 967 3500 versus
987 3441 1008 3501 I
1025 3439 1211 3523 sor—572,
1234 3446 1343 3524 quibus

169 3542 243 3598 satis
265 3541 471 3618 intempestive
495 3547 526 3600 et
549 3538 676 3600 obscure
701 3537 797 3599 labula
820 3537 988 3616 Marpessae
1012 3547 1176 3620 enarratur,
1200 3539 1341 3604 merito'a

169 3638 242 3696 viris
265 3636 360 3697 doctis
383 3637 515 3698 damnati
538 3638 606 3698 sint.
643 3635 827 3715 Quamquam
850 3638 882 3696 iu
905 3635 961 3696 hoc
985 3654 1104 3716 quoque
1122 3655 1230 3715 genere
1251 3642 1340 3701 inter·

168 3732 351 3812 polationum
371 3733 536 3813 indagando
551 3743 656 3795 cautus
677 3733 719 3794 lui
733 3751 831 3812 neque
850 3732 946 3794 solum
960 3732 1128 3794 Paleiorum
1142 3738 1341 3798 temeritatem

166 3833 266 3892 omnia
295 3849 406 3910 susque
438 3831 533 3912 deque
561 3833 749 3893 miscentium
780 3831 952 3910 perhorrui,
985 3833 1036 3892 sed
1068 3831 1113 3891 vel
1141 3831 1283 3894 Nitzsclrii
1311 3844 1342 3896 et

166 3928 327 3990 llnentzeri
355 3939 385 3991 et
414 3929 552 3990 Larocbii
578 3932 709 3990 rationes
737 3928 812 3990 hanc
843 3937 957 4008 partem
985 3931 1105 3990 critices
1133 3947 1202 4007 prae
1231 3935 1341 3994 ceteris

166 4020 405 4107 praeoptantium
429 4046 517 4106 saepe
541 4029 640 4106 sprevi
663 4035 693 4087 et
716 4027 894 4106 impugnavi,

256 4123 277 4200 ξ
308 4121 358 4185 16.
404 4123 506 4184 Latius
534 4133 616 4204 patet
644 4119 760 4185 iteratio
788 4123 973 4201 singulorum
1002 4123 1169 4201 pluriumve
1199 4144 1337 4188 versuum

166 4241 181 4281 a
216 4221 372 4300 rhapsodis
401 4220 521 4282 llomeri
555 4223 685 4284 carmina
718 4223 890 4283 memoriter
923 4224 1112 4282 recitantium
1145 4221 1241 4284 alieno
1273 4223 1338 4284 loco

167 4321 252 4381 lacta.
299 4319 392 4400 Saepe
425 4321 503 4381 enim
537 4322 599 4399 isti,
632 4339 699 4381 cum
732 4318 880 4380 llomerus
912 4337 1004 4380 unum
1038 4319 1185 4398 quendam
1218 4339 1338 4384 versum

167 4419 369 4496 repetivisset,
393 4435 444 4479 eos
468 4435 600 4498 quoque,
624 4421 677 4498 qui
698 4417 792 4479 altero
815 4417 880 4478 loco
904 4434 971 4476 cum
995 4413 1045 4476 illo
1069 4417 1221 4478 coniuncti
1244 4428 1338 4500 erant,
