3276 5090
766 407 986 472 ..80-

290 569 443 649 dispositis
470 577 500 631 et
529 569 665 630 versibus
688 572 844 631 maximam
867 577 981 647 partem
1005 569 1124 630 aliunde
1149 571 1274 649 sumptis
1298 579 1327 630 et
1350 570 1462 646 compi·

290 666 365 746 latis,
389 668 466 727 unde
491 670 691 747 suspicionem
714 667 904 728 confirmaret
926 677 1061 728 octavum
1085 667 1194 730 librum
1219 667 1342 747 reliquis
1361 665 1463 727 multis

292 764 390 825 iliadis
418 765 552 843 partibus
580 766 730 847 aliquanto
754 767 950 828 recentiorem
974 779 1004 827 et
1028 769 1143 845 tertiae,
1166 785 1253 845 quam
1278 765 1327 826 ille
1351 766 1463 842 statuit,

291 865 379 923 aetati
414 862 587 926 Homericae
625 865 723 944 poesis
760 863 970 940 assignandum
1004 882 1079 924 esse.
1130 863 1264 942 Denique
1297 863 1464 942 nuperrimi

291 961 420 1021 editores
439 961 560 1023 Faesius
580 961 765 1024 liuentzerus
784 960 926 1022 Hentaius
951 961 1106 1042 Frankius,
1130 970 1219 1022 utne
1239 967 1334 1022 totum
1354 959 1464 1020 librum

291 1058 473 1139 damnarent,
496 1077 686 1138 permagnam
709 1066 824 1137 partem
847 1075 986 1119 versuum
1011 1061 1128 1120 uncinis
1151 1057 1359 1120 includendam
1379 1075 1464 1117 cura·

291 1163 406 1216 verunt.
452 1155 554 1235 Neque
583 1175 637 1236 ego
665 1159 691 1217 is
718 1173 798 1234 sum,
826 1156 878 1233 qui
901 1154 957 1216 hoc
981 1174 1100 1216 carmen
1124 1158 1204 1217 inter
1228 1155 1463 1234 praeclarissima

291 1254 460 1333 ponendum
488 1273 553 1314 esse
582 1272 719 1316 censeam
742 1261 771 1313 et
795 1250 907 1312 celeres
931 1271 1047 1332 pugnae
1071 1256 1281 1314 conversiones
1305 1252 1465 1332 displicere

292 1369 409 1430 negem3
442 1351 521 1423 idem
555 1360 653 1413 tamen
686 1368 745 1412 non
778 1349 874 1410 solum
906 1348 1179 1428 splendidissimum
1209 1353 1274 1410 eius
1302 1367 1367 1412 esse
1397 1367 1465 1428 pro·

292 1451 435 1528 oemium,
464 1450 515 1509 sed
545 1451 632 1510 etiam
661 1447 734 1508 alios
762 1445 856 1526 locos,
884 1447 964 1508 velut
992 1451 1185 1527 praeconium
1213 1447 1322 1508 Teucri
1345 1447 1466 1506 virtutis

293 1540 499 1630 (252-334)
522 1555 553 1606 et
576 1548 705 1626 speciem
728 1543 805 1604 iovis
824 1547 924 1604 omnia
940 1563 995 1606 suo
1014 1555 1089 1607 nutu
1109 1549 1240 1625 regentis
1258 1539 1466 1627 (aet-488)

292 1661 470 1722 magnopere
497 1644 614 1723 placere
642 1641 799 1705 contendo.
846 1639 1021 1703 Rectissime
1050 1661 1120 1704 vero
1148 1643 1362 1724 Nutzbornius,
1395 1641 1466 1702 Ent-

293 1739 527 1818 stelrungsweisc
549 1740 604 1800 der
618 1738 831 1801 Homerischen
846 1736 988 1800 Gedichtc
1008 1759 1036 1817 p.
1058 1738 1129 1822 158,
1149 1743 1276 1820 negavit
1283 1741 1465 1818 principium

293 1839 388 1899 octavi
416 1837 485 1899 lihri
513 1857 528 1898 a
557 1837 680 1917 reliquia
707 1835 843 1918 partibus
871 1839 935 1897 eius
963 1836 1062 1898 divelli
1090 1833 1219 1920 posse.¹)
1266 1837 1325 1898 iam
1356 1838 1465 1915 siquo

293 1945 426 2014 tempore
450 1943 571 1996 octavus
596 1935 672 1996 liber
690 1935 873 2013 compositus
892 1951 958 1994 esse
977 1934 1112 1996 videatur
1131 1938 1310 2016 quaerimus,
1334 1935 1466 2012 pumum

294 2041 363 2111 post
385 2035 514 2093 carmina
539 2032 576 2093 de
599 2033 828 2113 Agamemnonis
852 2032 960 2092 virtute
984 2040 1014 2092 et
1037 2031 1175 2094 Hectoris
1198 2033 1288 2094 caede
1312 2034 1374 2093 sive
1398 2039 1467 2110 post

294 2129 386 2190 libros
410 2129 440 2189 Λ
463 2138 494 2190 et
517 2131 551 2190 X
570 2147 638 2191 eum
662 2131 773 2192 lactum
796 2147 862 2189 esse
886 2146 921 2188 ex
946 2127 1082 2190 versibus
1105 2130 1175 2191 inde
1198 2129 1349 2192 translatis
1374 2131 1467 2189 mani-

295 2227 369 2286 leste
393 2237 523 2306 apparet.
561 2227 672 2289 ileinde
695 2227 772 2289 libro
795 2227 910 2287 decimo
933 2233 1035 2286 octavo
1060 2245 1128 2288 eum
1147 2230 1343 2290 antecessisse
1362 2245 1468 2288 versus

294 2323 328 2382 Σ
348 2319 525 2385 446-448
554 2325 664 2386 affatim
692 2325 812 2404 docent,
841 2332 876 2384 ut
902 2323 998 2383 insius
1026 2341 1116 2404 supra
1145 2326 1165 2402 ξ
1193 2324 1233 2387 10
1261 2327 1468 2405 exposuimus3

295 2438 385 2499 porro
410 2424 456 2481 rix
480 2421 603 2483 dubium
627 2430 689 2502 est,
712 2424 784 2501 quin
808 2428 914 2481 auctor
937 2438 1077 2483 versuum
1102 2425 1130 2484 0
1152 2420 1330 2485 467-470
1353 2421 1468 2483 cladem

298 2517 407 2580 Teucri
430 2518 566 2580 versibus
589 2520 618 2580 Θ
636 2516 812 2580 323-329
837 2526 984 2579 narratam
1008 2526 1076 2578 ante
1100 2520 1202 2581 oculos
1224 2519 1371 2581 habuerit.
1409 2519 1468 2580 Sed

294 2625 396 2678 utrum
425 2623 492 2694 post
520 2635 556 2676 an
585 2625 653 2678 anta
683 2615 776 2676 libros
803 2616 847 2676 M
849 2611 917 2685 ΝΞ
942 2618 1007 2676 eius
1036 2617 1148 2678 natales
1175 2617 1306 2698 ponendi
1334 2619 1408 2698 sint,
1437 2619 1467 2678 iu

296 2713 434 2791 ambiguo
458 2731 524 2772 esse
544 2713 669 2794 videtur,
692 2713 933 2793 quandoquidem
952 2731 988 2774 ex
1007 2713 1099 2776 altera
1118 2728 1202 2795 parte
1222 2733 1326 2777 versus
1344 2714 1389 2775 M
1402 2711 1469 2775 336

295 2819 325 2871 et
344 2811 382 2870 N
397 2806 581 2871 321-325.
602 2807 777 2872 ”lat-747
796 2810 906 2872 librum
924 2812 953 2872 Θ
972 2815 1131 2894 respicere,
1151 2833 1185 2874 ex
1205 2813 1296 2875 altera
1315 2832 1421 2874 versus
1441 2814 1470 2874 Θ

298 2903 574 2969 162.·331-334.
594 2903 667 2968 541.
688 2905 864 2969 aot-252
878 2925 982 2968 versus
999 2909 1040 2970 M
1050 2907 1124 2972 311.
1140 2911 1175 2972 Ν
1187 2908 1373 2972 420-423.
1394 2908 1468 2972 828.

297 3004 326 3064 0
347 3001 522 3065 440-441
548 3005 710 3065 imitantur.
758 3003 853 3066 liuius
876 3013 975 3067 autem
998 3010 1043 3068 rei
1066 3008 1238 3070 diiudicatio
1261 3008 1331 3068 inde
1350 3008 1467 3089 pendet,

296 3119 368 3163 num
391 3100 548 3179 Neptunus
571 3104 663 3164 invito
687 3111 718 3164 et
741 3105 835 3164 inscio
858 3102 926 3163 lore
946 3104 1073 3166 Achivos
1096 3106 1250 3167 adiurasse
1274 3114 1304 3167 et
1326 3106 1410 3188 luno,
1434 3113 1462 3167 ut

296 3198 418 3258 tratrem
437 3196 556 3258 Achivis
584 3217 669 3278 opem
699 3199 843 3260 terentem
867 3199 1028 3282 adiuvaret,
1052 3201 1150 3263 lovem
1175 3203 1378 3281 consopivisse
1402 3211 1469 3283 apto

297 3297 412 3356 narrari
430 3297 592 3376 potuerint,
611 3298 700 3358 etiam
723 3298 749 3357 si
769 3295 903 3376 luppiter
921 3315 1025 3359 severo
1045 3301 1179 3380 imperio,
1202 3319 1240 3361 ne
1259 3302 1326 3380 quis
1344 3299 1469 3362 deorum

297 3393 416 3453 lebino
439 3391 565 3473 adesset,
589 3413 648 3454 non
667 3401 753 3455 antea
771 3394 967 3456 interdixerit.
1010 3395 1156 3476 Equidem
1176 3405 1209 3459 ut
1227 3400 1391 3477 praemisso
1412 3401 1469 3458 isto

297 3489 394 3550 edicto
406 3482 448 3568 (Θ
460 3487 580 3570 1-77)
592 3490 718 3552 solidum
733 3497 763 3551 et
777 3491 893 3552 illustre
908 3491 1132 3555 tundamentum
1147 3497 1310 3556 narrationi
1325 3495 1469 3557 librorum

298 3587 378 3648 MN
380 3581 410 3655 Ξ
422 3584 555 3646 substrui
569 3586 764 3650 libentissime
783 3589 923 3669 concedo,
942 3591 982 3650 ita
1001 3589 1094 3651 libros
1113 3590 1179 3652 ilios
1196 3594 1285 3652 etiam
1300 3591 1377 3652 libro
1392 3610 1469 3652 nono

297 3695 328 3747 et
355 3685 531 3764 praesertim
560 3685 695 3746 versibus
721 3687 749 3746 A
773 3683 903 3748 ‘tu-77
935 3696 965 3747 et
995 3685 1169 3750 181-185
1198 3688 1314 3750 adnecti
1338 3692 1471 3768 potuisse

297 3785 473 3864 putaverim.
518 3781 632 3842 idcirco
666 3801 769 3844 versus
796 3783 841 3844 M
863 3780 927 3845 336
961 3797 991 3846 et
1020 3786 1058 3846 N
1082 3782 1266 3848 521-525.
1298 3783 1471 3852 741--747

298 3891 401 3963 postea
424 3879 540 3941 additos
562 3886 592 3939 et
611 3878 720 3939 librum
738 3888 874 3942 octavum
894 3882 955 3942 sire
975 3889 1070 3944 totum
1090 3885 1151 3944 sive
1171 3901 1275 3944 versus
1293 3883 1322 3944 Θ
1343 3881 1472 3946 1-488

298 3990 367 4060 post
390 3980 520 4041 carmina
545 3973 677 4040 20-23
696 3980 878 4057 compositos
902 3997 967 4040 esse
986 3981 1094 4042 iudico.

390 4159 416 4228 1)
439 4159 500 4212 Hoc
528 4159 561 4212 ut
588 4156 659 4212 mihi
686 4156 794 4212 iuvenis
822 4157 1011 4228 doctissimus,
1045 4161 1223 4229 praematura
1250 4161 1340 4216 moria
1369 4161 1473 4216 littaris

300 4243 426 4309 ereptus,
450 4238 533 4307 plana
556 4235 709 4308 persuasit,
734 4236 775 4292 ila
797 4237 858 4292 lieri
875 4240 1001 4310 potuisse
1020 4237 1128 4305 iudico,
1152 4241 1185 4293 ut
1203 4239 1381 4309 splendidum
1401 4240 1473 4296 iliud

299 4319 458 4383 exordium,
486 4317 649 4388 priusquam
677 4333 740 4373 com
768 4321 868 4372 octavo
896 4319 969 4375 libro
997 4319 1180 4387 coalesceret,
1208 4318 1366 4374 coniunctis
1393 4319 1473 4374 libris

301 4400 368 4452 ΛΜ
371 4399 401 4450 Ν
404 4397 461 4455 ΞΟ
478 4398 631 4466 praelixam
649 4397 743 4465 fuerit,
763 4413 820 4468 qua
839 4397 874 4453 de
892 4415 922 4454 re
941 4397 1006 4454 vide
1023 4413 1095 4466 quaa
1114 4395 1144 4451 in
1163 4399 1300 4466 apparatu
1319 4398 1417 4454 critico
1437 4399 1472 4453 ad

302 4475 406 4548 primos
425 4491 522 4530 versus
541 4477 606 4532 libri
626 4481 651 4532 Θ
670 4477 874 4533 adnotavimus.
