3280 5104
663 361 879 450 ..354

180 551 307 612 maxime
323 549 449 628 benigna
464 569 481 610 a
496 557 583 628 poeta
598 568 666 610 eum
682 551 792 610 lactum
808 549 987 628 praedicem.
1015 550 1106 611 biber
1120 559 1219 612 autem
1236 552 1355 612 undeci-

181 669 246 710 mus
265 649 302 708 de
322 647 405 708 clade
420 646 599 708 Achivorum
618 650 649 709 in
668 654 770 726 aperto
789 665 893 727 campo
912 655 1042 727 accepta,
1062 666 1241 727 quamquam
1256 668 1354 727 pugna

179 750 260 808 circa
285 747 401 806 iussam·
418 754 447 806 et
470 763 590 806 murum
615 755 781 805 castrorum
805 743 950 805 debellata
974 747 1084 823 optime
1110 748 1207 824 excipi
1229 747 1355 826 videtur,

181 853 279 905 umen
299 863 404 924 magno
423 843 577 904 intervallo
592 842 629 903 ab
644 842 699 924 his,
719 842 756 902 de
772 841 881 921 quibus
896 843 1102 924 disseruimus,
1121 842 1206 904 libris
1220 843 1355 905 divulsus

180 951 235 1003 est„
281 941 384 1021 Neque
417 944 497 1002 enim
529 943 645 1002 moenia
677 943 840 1001 castrensia
872 949 977 1002 auctor
1004 940 1073 1002 libri
1101 939 1180 1002 illius
1212 944 1294 1002 novit
1326 951 1355 1002 et

180 1039 382 1119 Sarpedonem
395 1039 604 1118 'Glaucumque
623 1038 730 1118 Lycios
749 1038 820 1099 adeo
840 1040 965 1119 ignorat,
988 1046 1077 1099 utne
1097 1041 1215 1099 nonrina
1233 1039 1354 1118 quidem

180 1157 283 1198 eorum
317 1140 395 1198 inter
428 1137 519 1198 ducos
548 1137 745 1198 Troianorum
779 1153 943 1214 eorumque
976 1137 1125 1196 sociorum
1159 1135 1190 1195 A
1222 1133 1355 1198 56-60

180 1236 297 1296 relocat
344 1235 425 1306 Quae
462 1253 530 1296 cum
568 1237 609 1296 ita
646 1237 719 1314 sint,
757 1236 886 1294 carmina
920 1231 950 1294 3.
986 1229 1097 1294 5-10
1134 1251 1227 1312 aeque
1265 1244 1353 1314 atque

180 1330 311 1394 ati—23
335 1351 395 1392 uno
419 1341 522 1393 tenore
546 1332 687 1410 deinceps
710 1333 872 1409 composita
896 1350 962 1392 esse
986 1329 1098 1406 iudico,
1122 1331 1195 1393 haec
1218 1340 1253 1393 ut
1275 1334 1353 1393 inter

177 1421 422 1511 Ἀγαμέμνονος
453 1420 625 1509 ἀριστείαν
658 1439 688 1490 et
721 1421 951 1510 Πατρόκλειαν
983 1423 1141 1490 interiecta
1173 1429 1352 1492 Achivorum

180 1530 310 1608 trepidas
328 1538 359 1590 et
378 1529 492 1589 affictas
511 1545 559 1589 res
578 1528 745 1589 luculenter
763 1525 956 1606 illustrarent,
979 1525 1028 1586 illa
1047 1536 1082 1587 ut
1099 1525 1176 1587 libro
1195 1528 1352 1590 undecimo

178 1629 339 1706 praemissa
359 1625 487 1688 Achivos
511 1645 548 1686 ne
567 1627 725 1688 destitutos
745 1623 864 1704 quidem
883 1623 920 1685 ab
939 1623 1052 1685 Achille
1071 1624 1209 1686 Troianis
1227 1627 1354 1687 cessisse

178 1724 301 1785 uberius
332 1724 547 1802 praedicarent
594 1723 679 1795 Quod
712 1730 810 1784 autem
844 1723 989 1782 continuo
1022 1730 1148 1800 utraque
1176 1729 1310 1802 poemata
1338 1743 1353 1784 a

177 1829 265 1902 poeta
293 1829 398 1901 pancta
428 1839 493 1882 esse
521 1821 664 1902 diximus,
696 1821 752 1882 hoc
780 1839 815 1881 eo
843 1827 971 1900 spectat,
1002 1827 1035 1880 ut
1063 1837 1100 1880 ne
1129 1822 1197 1899 quis
1219 1827 1352 1899 tempora

177 1923 346 1999 originesve
371 1917 556 1997 singulorum
580 1921 745 1980 carminum
769 1917 908 1979 divellere
931 1916 1047 1977 audeat.

265 2016 307 2077 lle
323 2019 410 2077 tertio
425 2034 495 2076 vero
509 2023 645 2096 poemate
660 2017 739 2097 quod
754 2014 937 2078 carminibus
952 2009 1084 2076 25-29
1100 2021 1225 2094 constat,
1236 2033 1294 2076 non
1307 2025 1352 2076 est

177 2132 231 2174 cur
250 2111 342 2174 multa
362 2112 451 2173 verba
471 2113 583 2174 laciam.
616 2113 689 2175 Nam
710 2133 746 2174 ne
765 2111 925 2174 llcechlius
947 2111 1067 2191 quidem
1086 2112 1117 2170 in
1136 2121 1271 2190 separata
1290 2133 1352 2174 cer·

176 2213 256 2272 mina
275 2211 332 2272 hoc
351 2209 480 2290 diremit,
499 2209 551 2270 sed
571 2212 722 2272 communi
740 2211 859 2270 nomine
874 2207 1101 2290 Πατροκλείας
1119 2209 1352 2292 comprehendit,

175 2309 254 2370 unde
283 2311 314 2369 in
341 2308 389 2367 his
421 2307 540 2386 quidem
568 2307 654 2369 libris
677 2307 722 2369 vel
741 2311 879 2370 acerrimi
902 2307 1074 2368 defensores
1098 2306 1352 2370 Lachmanuianae

176 2406 350 2485 disciplinae
369 2407 401 2466 in
421 2414 538 2466 nostras
553 2415 653 2485 partes
667 2409 708 2467 ita
723 2415 945 2486 concesserunt,
964 2414 998 2466 ut
1011 2406 1068 2466 hoe
1084 2405 1180 2466 solum
1194 2409 1351 2484 anquiren-

174 2507 244 2566 dum
268 2521 335 2564 esse
358 2511 507 2584 putarent,
531 2522 602 2564 nuru
627 2505 679 2582 qui
702 2521 807 2565 versus
829 2505 937 2565 horum
956 2502 1101 2564 librorum
1121 2501 1167 2562 vel
1186 2506 1351 2565 carminum

174 2601 339 2682 particulae
354 2600 392 2661 ab
406 2601 616 2680 interpolatore
636 2607 722 2679 poeta
738 2603 831 2663 veteri
845 2602 965 2678 corpori
979 2607 1081 2678 postea
1095 2601 1226 2660 intextae
1241 2608 1351 2662 essent.

264 2701 398 2777 lienique
425 2696 494 2757 libri
518 2697 623 2778 ΗΘΙ,
651 2716 830 2778 quamquam
854 2699 993 2761 ieiunitas
1016 2696 1138 2758 alterius
1162 2699 1255 2778 partis
1278 2698 1348 2762 libri

178 2801 210 2862 H
241 2807 271 2860 et
301 2795 431 2858 discolor
465 2797 591 2856 varietas
624 2796 694 2858 libri
720 2797 749 2858 Θ
776 2796 813 2856 ah
841 2805 904 2858 arte
934 2812 1028 2874 paene
1056 2794 1155 2854 divina
1183 2797 1349 2857 orationum

173 2897 243 2958 libri
271 2896 295 2957 I
321 2892 457 2955 nonnihil
484 2893 640 2976 differunt,
667 2895 832 2956 arctissime
860 2902 960 2955 tamen
989 2911 1089 2952 rerum
1118 2893 1245 2954 vinculis
1272 2897 1350 2956 inter

175 3014 208 3056 se
231 2995 339 3056 conexi
361 2999 440 3052 sunt.
476 2991 579 3070 Neque
603 2995 683 3054 enim
707 2992 794 3071 legati
815 2993 851 3054 ad
871 2989 1013 3053 Achillem
1033 2990 1253 3069 deprecandum
1273 2995 1350 3053 mitti

174 3099 326 3174 poteram,
362 3091 537 3169 priusquam
570 3089 798 3168 Agamemnonis
836 3091 929 3152 laetus
963 3091 1043 3151 tristi
1080 3089 1161 3149 clade
1200 3094 1349 3151 exercitus

173 3193 287 3252 tractus
311 3187 400 3248 etad
424 3187 531 3248 incitas
554 3188 693 3249 redactus
717 3197 809 3269 esset,
837 3206 934 3268 neque
965 3189 1057 3266 stragi
1080 3186 1259 3248 Achivorum
1283 3207 1349 3249 nar-

173 3289 282 3350 mndae
311 3284 394 3345 locus
423 3292 499 3365 erat,
532 3287 706 3364 priusquam
734 3285 855 3362 proeliis
885 3287 974 3364 primi
1003 3284 1075 3366 diei,
1109 3284 1217 3364 quihus
1245 3286 1349 3347 Achivi

173 3384 305 3447 secundo
329 3381 423 3442 blarte
451 3399 557 3443 manus
586 3390 815 3462 conseruerant,
843 3383 910 3444 linis
938 3383 1046 3461 aliquis
1074 3383 1232 3460 impositus
1260 3393 1347 3446 esset.

173 3479 272 3554 Ouid?
309 3479 388 3559 quod
424 3479 549 3538 munitio
584 3487 614 3540 et
646 3478 877 3539 circumvallatio
910 3487 1076 3542 castrorum
1114 3479 1189 3542 libro
1223 3485 1348 3562 septimo

176 3587 311 3642 narratae
335 3574 530 3654 sequentibus
553 3575 639 3637 libris
657 3576 819 3638 identidem
840 3581 1043 3657 respiciuntur
1062 3587 1092 3639 et
1111 3581 1185 3640 lines
1204 3578 1347 3641 librorum

175 3678 272 3740 octavi
295 3682 325 3736 et
348 3675 419 3733 noni
442 3673 516 3733 adeo
534 3674 643 3735 incerti
662 3683 741 3755 sunt,
760 3683 793 3736 ut
812 3692 916 3737 versus
935 3677 964 3738 Θ
981 3673 1158 3738 489-565
1176 3695 1237 3737 non
1256 3681 1348 3756 magis

176 3777 339 3838 narrationi
362 3772 550 3832 tristissimae
574 3774 681 3851 stragis
700 3771 879 3835 Achivorum
902 3774 999 3836 subici
1023 3793 1111 3854 quam
1134 3775 1257 3835 consilio
1276 3777 1347 3853 Agn-

176 3873 342 3936 memnonis
369 3870 482 3948 legatos
509 3869 545 3930 ad
575 3869 717 3931 Achillem
746 3871 882 3932 mittendi
908 3873 1033 3951 praefigi
1060 3873 1183 3950 possint.
1230 3871 1283 3932 llis
1311 3872 1346 3932 de

175 3975 274 4033 causis
305 3971 394 4030 etiam
427 3968 483 4029 hos
515 3975 578 4028 tres
610 3967 703 4030 libros
731 3985 789 4028 uno
817 3974 915 4030 tractu
943 3967 1109 4030 delineatos
1139 3979 1169 4030 et
1196 3971 1347 4030 conlectos

175 4089 241 4131 esse
271 4068 450 4148 iudicamus,
480 4065 530 4126 sed
556 4083 614 4126 non
639 4073 672 4126 ut
695 4074 862 4144 separatum
887 4067 1034 4146 quoddam
1058 4085 1162 4146 poema
1185 4065 1347 4146 efficerent,

175 4166 227 4227 sed
256 4176 292 4226 ut
317 4164 452 4226 lacunam
474 4167 554 4224 inter
577 4162 669 4224 libros
692 4163 797 4223 A-Z
820 4171 850 4224 et
873 4165 988 4223 A-ll
1007 4162 1160 4241 explerent
1184 4172 1213 4221 et
1237 4163 1346 4242 simpli-

174 4266 295 4325 citatem
319 4264 428 4323 veteris
452 4259 566 4322 labulee
590 4255 720 4342 lliadis¹)
744 4263 871 4340 egregiis
890 4259 1070 4340 gradationis
1089 4269 1120 4318 et
1138 4260 1346 4339 implicationis

265 4393 291 4458 1)
311 4389 392 4455 Quod
417 4388 493 4443 enim
511 4405 634 4443 summus
652 4387 836 4457 philosophus
855 4385 1023 4441 Aristoteles
1042 4386 1072 4440 in
1091 4403 1176 4442 aureo
1194 4387 1291 4443 libello
1310 4389 1345 4443 de

176 4473 236 4526 ario
259 4467 373 4540 poetica
397 4485 419 4524 c.
443 4473 479 4522 24
497 4463 589 4538 ἁπλῆν
609 4465 661 4536 μὲν
680 4465 730 4521 καὶ
748 4462 914 4536 παθητικὴν
932 4462 984 4535 τὴν
1004 4463 1136 4521 σύστασιν
1155 4467 1203 4536 τῆς
1219 4463 1345 4538 Ἰλιάδος,
