3280 5104
655 433 876 498 „97-

614 607 716 679 biber
743 608 920 679 secundus.

569 773 625 858 De·
642 775 809 842 apparebo
831 772 957 828 ontioo.

267 888 287 964 ἓ
315 887 367 950 47.
414 888 521 950 Poetae
554 889 689 949 versibus
722 899 895 968 apparatum
927 879 1066 951 criticum
1095 891 1290 972 subiecimus,
1322 895 1352 952 in

179 1004 238 1064 quo
258 985 428 1046 adornando
448 985 565 1067 duplex,
588 987 666 1066 quod
686 986 793 1047 abhinc
814 986 891 1046 XXV
910 1006 1002 1048 annos
1022 988 1103 1049 Imm.
1122 987 1276 1050 llehherus
1295 990 1352 1050 sibi

178 1093 385 1164 proposuerat,
409 1084 564 1145 consilium
589 1087 629 1144 ita
653 1087 748 1145 secuti
772 1103 884 1164 sumus,
910 1093 941 1146 ut
965 1087 1038 1147 duas
1062 1089 1126 1147 eius
1150 1097 1250 1166 partes
1269 1106 1352 1166 pror·

178 1200 230 1242 sus
244 1199 460 1260 separaremus.
494 1184 589 1262 Atque
606 1185 687 1261 prior
702 1182 822 1261 quidem
837 1202 906 1261 pars
920 1187 1053 1245 continet
1069 1203 1172 1245 versus
1186 1184 1351 1265 parallelos,

178 1282 230 1359 qui
263 1287 407 1359 quantum
441 1280 555 1340 valeant
587 1288 618 1340 ct
649 1279 685 1340 ad
719 1282 810 1340 crisin
844 1280 1002 1342 verborum
1036 1282 1224 1352 factitandum
1258 1291 1287 1342 ct
1316 1284 1351 1343 ad

177 1380 382 1456 quaestionem
420 1377 456 1438 de
493 1378 597 1438 ordine
634 1379 800 1437 carminum
837 1379 1005 1439 solvendam
1044 1398 1129 1439 nenio
1168 1398 1225 1439 non
1260 1382 1350 1441 novit.

178 1474 289 1534 Versus
304 1483 404 1536 eutem
418 1478 552 1554 geminos
567 1474 611 1534 vel
626 1473 737 1534 similes
753 1465 810 1534 hon
826 1479 919 1554 magis
929 1479 1094 1555 posteriore
1106 1495 1253 1556 quemque
1264 1497 1352 1557 quam

178 1575 277 1650 priore
301 1572 366 1632 loco
391 1573 604 1652 adnotavimus,
628 1571 683 1631 hac
706 1573 737 1631 in
763 1589 795 1631 re
819 1591 834 1632 a
854 1571 982 1634 Behheri
1002 1573 1137 1652 exemplo
1156 1575 1352 1657 discedentes,

178 1671 419 1749 quandoquidem
448 1670 575 1749 exempli
603 1671 695 1748 gratia
725 1670 778 1747 qui
805 1688 909 1732 versos
937 1671 1081 1732 librorum
1109 1673 1138 1733 Θ
1166 1683 1196 1732 et
1220 1673 1250 1731 Α
1273 1692 1350 1732 com-

178 1787 284 1828 munes
316 1778 388 1829 sunt
415 1787 474 1829 non
504 1777 561 1828 tam
590 1787 626 1828 ex
653 1775 757 1828 octavo
785 1766 861 1827 libro
890 1772 920 1828 in
944 1771 1148 1848 undecimum,
1177 1786 1264 1847 quam
1290 1772 1352 1830 vice

179 1885 262 1926 versa
296 1885 332 1926 cx
366 1865 522 1926 undecimo
556 1868 586 1925 in
620 1871 756 1924 octavum
790 1865 924 1928 translati
957 1886 1022 1927 esse
1056 1867 1203 1928 videntur.
1249 1866 1351 1947 Neque

178 1962 274 2024 solum
299 1972 378 2023 totos
403 1982 506 2024 versus
529 1964 760 2042 composuimus,
784 1963 835 2021 scd
858 1965 946 2024 etiam
966 1963 1161 2042 hemistichia,
1186 1966 1257 2042 quin
1277 1965 1351 2026 adeo

177 2059 326 2121 clausulas
342 2078 481 2122 versuum
496 2063 683 2140 insigniores,
698 2058 748 2119 sed
764 2077 800 2118 eo
815 2059 984 2139 diligentiae
1000 2079 1058 2121 non
1072 2063 1223 2140 progressi
1239 2079 1351 2143 somus,

178 2166 211 2217 ut
225 2159 319 2217 etiam
339 2158 453 2237 singula
474 2158 561 2218 verba
581 2156 798 2235 verborumque
818 2158 972 2219 iuncturas
990 2160 1207 2219 adnotaremus.
1245 2158 1351 2229 Quam-

178 2272 266 2334 quam
297 2256 376 2315 enim
409 2256 461 2316 has
495 2255 656 2317 minutulas
687 2271 736 2314 res
768 2255 846 2332 apud
879 2264 981 2335 poetas
1009 2259 1110 2336 epicos
1139 2275 1197 2317 non
1225 2275 1351 2335 operoso

178 2351 313 2412 imitandi
338 2353 452 2434 studio,
476 2354 527 2414 sed
553 2354 711 2413 memoriae
735 2351 874 2414 facilitate
898 2355 1014 2432 insigne
1038 2354 1150 2415 dictum
1176 2353 1219 2413 vel
1243 2372 1351 2415 nomen

178 2469 251 2509 nore
286 2451 388 2511 dotum
420 2453 561 2512 iterantes
596 2449 732 2510 nonnihil
765 2449 890 2512 valuisse
921 2451 1049 2512 libenter
1070 2450 1221 2531 concedo,
1253 2459 1350 2512 tamen

178 2547 297 2608 chartae
329 2547 444 2608 librarii
471 2559 501 2610 et
528 2566 688 2609 crumenae
716 2556 883 2625 emptorum
912 2567 947 2608 eo
976 2550 1069 2626 magis
1100 2566 1223 2628 parcere
1253 2547 1351 2629 malui,

178 2646 256 2724 qood
287 2648 337 2725 qui
354 2655 467 2708 nostra
496 2649 637 2707 memoria
666 2647 866 2706 recentiorum
894 2649 1058 2707 carminum
1087 2645 1219 2725 singulos
1247 2664 1352 2707 versus

178 2761 212 2802 er
240 2745 330 2803 trinis
357 2744 402 2805 vel
431 2746 584 2824 quaternis
612 2741 765 2823 particulis
788 2741 905 2804 aliunde
930 2743 1095 2822 desumptis
1118 2751 1259 2803 consutos
1285 2762 1350 2804 esse

179 2849 296 2921 putant,
325 2859 389 2901 rem
419 2842 572 2926 indignam
606 2859 664 2900 non
693 2839 788 2900 solum
816 2839 958 2922 llomero,
987 2841 1038 2901 sed
1068 2841 1156 2902 etiam
1185 2841 1286 2901 infimo
1314 2861 1351 2901 ex

104 2955 108 2962 ·
181 2937 347 2998 llomeridis
371 2957 458 3017 agere
482 2957 550 3000 cum
570 2937 799 2998 Friedlaendero
823 2933 940 3022 (Jahrb.
966 2939 983 2998 l.
1008 2938 1080 2998 Phil.
1109 2935 1192 2999 1859
1217 2957 1245 3017 p.
1269 2933 1350 3020 582)

179 3045 207 3096 et
231 3037 377 3097 lloemero
401 3031 473 3120 (liin
497 3036 618 3098 Dichter
642 3035 703 3096 und
726 3036 774 3095 ein
799 3034 930 3096 liritiher
953 3056 981 3114 p.
1007 3029 1041 3118 7)
1065 3037 1211 3096 existimo.
1258 3035 1351 3096 lidem

179 3142 274 3194 tamen
300 3151 359 3194 non
384 3133 494 3213 ubique
519 3153 573 3194 nos
596 3136 627 3194 iu
651 3131 895 3193 similitudinibus
919 3133 1077 3193 afferendis
1101 3133 1185 3193 nobis
1213 3141 1350 3195 constare

178 3231 305 3308 ingenue
339 3231 477 3311 latemur,
510 3233 600 3291 immo
633 3239 722 3309 prout
750 3248 798 3289 res
827 3229 1007 3309 postulabat,
1039 3229 1126 3290 modo
1154 3233 1235 3309 parci
1265 3233 1350 3293 modo

180 3327 286 3404 prolixi
315 3329 438 3410 luimus,
472 3329 559 3388 modo
588 3329 662 3388 fines
690 3329 892 3387 contraximus
920 3327 1006 3388 modo
1038 3329 1196 3387 remotiora
1224 3330 1350 3389 circnm-

178 3428 339 3503 sperimus.
391 3424 440 3487 Sic
469 3444 536 3486 com
565 3425 635 3485 libri
662 3427 785 3504 quintus
813 3433 843 3486 et
871 3425 1047 3485 undecimus
1076 3432 1146 3485 uter
1172 3433 1240 3485 utro
1269 3428 1352 3505 prior

178 3525 229 3604 sit,
262 3525 389 3584 maxime
422 3523 592 3601 ambiguum
627 3526 678 3604 sit,
711 3523 818 3584 borum
848 3522 993 3583 librorum
1022 3521 1182 3600 particulas
1211 3540 1349 3585 versuum

179 3623 257 3681 inter
280 3640 313 3681 se
337 3621 552 3682 concordantes
576 3621 748 3700 diligentius
766 3621 980 3700 adnotavimus,
1004 3627 1067 3680 tum
1087 3622 1112 3680 si
1132 3620 1211 3699 quod
1230 3639 1350 3682 carmen
1447 3699 1451 3718 Α

178 3717 214 3778 ab
241 3721 344 3797 inepto
375 3720 574 3780 versificatore
598 3719 692 3780 aliena
716 3721 824 3779 scrinia
849 3716 995 3797 expilante
1019 3725 1159 3796 panctum
1183 3736 1248 3778 csse
1272 3719 1350 3778 vide·

179 3814 279 3894 batur,
310 3817 478 3876 accuratius
511 3819 665 3877 iuncturas
698 3816 856 3877 verborum
888 3815 1005 3876 aliunde
1034 3817 1141 3893 petitas
1169 3815 1350 3893 collegimus,

178 3911 307 3990 denique
331 3920 365 3972 ut
388 3915 418 3972 in
442 3916 568 3974 vetustis
591 3913 675 3976 libris
699 3915 761 3975 lere
785 3913 894 3975 nullam
919 3914 1063 3972 rationem
1086 3911 1235 3992 Odysseae
1259 3911 1350 3973 habu·

179 4011 265 4089 imos,
289 4011 329 4070 ita
348 4012 379 4070 in
398 4009 484 4071 libris
503 4011 616 4091 ΚΨΩ,
636 4031 711 4091 quae
731 4029 799 4073 cum
818 4010 948 4089 Odyssea
967 4009 1010 4070 illi
1029 4010 1195 4070 communia
1214 4009 1349 4091 habeant,

177 4107 281 4169 sedulo
301 4110 544 4187 conquisivimus.
585 4109 618 4169 ln
636 4117 698 4170 tota
717 4119 816 4171 autem
831 4109 885 4169 bac
900 4118 983 4186 parte
998 4107 1277 4168 commentariorum
1291 4110 1349 4187 ipsi

177 4224 271 4283 pauca
294 4205 505 4286 indagavimus,
529 4205 656 4284 plurima
679 4225 715 4268 ex
738 4206 918 4268 editionibus
942 4203 1048 4285 lleynii
1066 4203 1194 4264 Belrheri
1212 4203 1349 4266 Larochii

179 4301 295 4363 llentzii
313 4312 344 4363 et
359 4301 444 4363 libris
459 4303 619 4382 Anglorum
634 4303 852 4383 Prendergasti,
866 4301 1075 4362 Concordanoe
1091 4301 1124 4360 oi
1135 4299 1211 4380 llies,
1225 4309 1256 4362 et
1270 4301 1348 4362 Dun-

178 4399 251 4480 hari,
265 4400 474 4461 Concordance
490 4400 522 4460 ol
533 4399 673 4480 Odyssee,
691 4419 744 4460 nos
759 4402 932 4478 repetivisse
952 4409 1036 4476 grato
1050 4399 1148 4458 animo
1163 4399 1349 4464 confitemur.

267 4495 361 4574 §48
399 4496 432 4558 ln
456 4498 547 4558 altera
570 4500 849 4558 commentariorum
873 4503 957 4574 parte
982 4503 1011 4556 et
1034 4495 1257 4558 fundamentum
1277 4501 1349 4560 crisi

232 4607 297 4659 rnna,
311 4607 345 4648 ea.
360 4607 443 4648 cunae
1118 4601 1132 4651 t
