3276 5090
771 360 984 424 „32-

295 535 396 606 aperte
420 525 456 586 ad
480 526 508 586 B
533 522 595 586 719
619 524 730 585 alludit.
777 522 930 600 catalogos
958 530 1057 582 autem
1085 524 1137 600 qui
1161 523 1253 582 reteri
1276 520 1360 581 lliadi
1383 521 1467 582 addi-

298 625 406 685 derunt
434 641 492 684 non
521 621 595 682 male
623 622 751 700 proiecti
773 629 842 681 sunt
866 619 901 680 ab
926 619 1046 680 Homeri
1069 621 1164 698 ipsius
1188 618 1324 680 versibus
1348 620 1376 680 Β
1400 615 1467 680 363

298 731 328 782 et
351 719 426 801 815,
449 723 501 800 qni
524 730 557 781 ut
580 737 680 780 ausam
703 719 906 799 interpolatori
926 719 1086 796 dederunt,
1108 719 1149 778 ita
1168 717 1288 796 longum
1308 735 1468 778 recensum

295 821 447 898 copiarum
470 817 649 878 Achivorum
672 826 703 878 et
725 817 920 877 Troianorum
945 834 1004 876 non
1027 815 1228 893 requirebant.

384 914 532 995 uantogn
555 914 640 975 facile
662 933 810 992 caremus,
833 917 944 974 arctius
964 932 1032 974 cum
1051 912 1140 973 lliade
1160 914 1320 974 cohaerent
1339 921 1470 990 quatuor

297 1014 352 1076 alia
372 1015 503 1074 earmina
525 1011 574 1074 lt.
591 1009 640 1073 19.
655 1008 708 1074 39.
721 1009 773 1090 40,
792 1029 867 1090 quae
887 1020 916 1070 et
935 1013 999 1089 ipsa
1019 1018 1156 1089 suspecta
1176 1013 1290 1072 criticis
1309 1013 1370 1070 risa
1390 1021 1471 1069 sunt.

298 1111 377 1172 llaec
404 1113 483 1171 enim
511 1109 549 1170 ab
571 1109 753 1188 llomeridis,
780 1117 813 1168 ut
841 1107 922 1168 lliadi
950 1110 1155 1168 insererentur
1182 1116 1212 1168 et
1241 1127 1275 1168 eo
1304 1126 1363 1186 quo
1388 1125 1470 1167 ntrnc

296 1207 437 1269 collocata
457 1216 527 1267 sunt
546 1206 610 1266 loco
630 1209 847 1284 insererentur,
871 1209 1032 1284 composita
1052 1224 1117 1266 esse
1137 1215 1272 1284 apparet,
1296 1225 1393 1284 neque
1413 1205 1470 1264 alia

298 1324 329 1365 re
350 1323 439 1385 quarn
458 1305 536 1384 quod
557 1305 591 1365 ad
607 1303 706 1364 iliadis
725 1322 828 1382 poema
847 1304 1061 1382 pelliciendum
1081 1322 1140 1364 non
1161 1306 1328 1364 necessaria
1348 1304 1473 1363 luerunt

298 1411 327 1462 et
351 1403 483 1463 oratione
512 1409 633 1480 totoque
657 1399 756 1462 colore
786 1401 924 1462 narrandi
947 1401 1095 1481 Odysseae
1125 1419 1212 1479 quam
1237 1403 1346 1462 veteris
1369 1400 1473 1461 iliadis

298 1499 439 1560 similiora
464 1508 546 1578 sunt,
569 1501 744 1560 recentioris
768 1500 891 1577 originis
914 1503 1113 1578 suspicionem
1137 1505 1264 1578 movent.

390 1589 586 1658 Δολάνειαιι
610 1599 670 1656 sive
694 1595 842 1656 decimum
865 1596 974 1658 librum
999 1606 1031 1656 ut
1052 1596 1089 1657 ab
1108 1595 1236 1656 Homero
1256 1593 1472 1672 abiudicarent,

298 1697 354 1754 viri
377 1695 458 1756 docti
477 1713 573 1772 neque
592 1692 688 1754 solum
703 1691 852 1772 Wolliani,
872 1695 1031 1754 sedetiam
1051 1696 1246 1754 unitariorum
1267 1702 1473 1772 propugnator

300 1791 482 1871 Nitzschius,
506 1789 703 1872 Sagenpoesie
727 1809 753 1869 p.
778 1787 856 1869 225,
882 1793 1018 1870 inprimis
1042 1795 1181 1852 commoti
1205 1799 1276 1851 sunt
1300 1792 1473 1852 testimonio

300 1889 448 1952 Eustathii
476 1908 503 1968 p.
529 1886 606 1951 785:
639 1882 722 1968 φασὶ
752 1881 789 1948 db
817 1883 852 1948 ol
881 1885 1015 1950 παλαιοὶ
1047 1883 1109 1969 τὴν
1139 1887 1315 1974 ῥαψῳδίαν
1344 1882 1473 1967 ταύτην

298 1979 358 2066 ὑφ’
380 1979 526 2069 Ὀμήρου
548 1983 619 2068 ἰδίᾳ
641 1977 799 2065 τετάχθαι
828 1979 883 2046 καὶ
911 1980 955 2068 μὴ
980 1984 1237 2066 ἐγκαταλεγῆναι
1264 1994 1334 2058 τοῖς
1358 1981 1473 2067 μέρεσι

298 2082 356 2162 τῆς
376 2075 530 2162 Ἰλιάδος,
557 2073 623 2144 ὑπὸ
647 2076 685 2143 δὲ
708 2075 953 2162 Πεισιστράτου
975 2079 1133 2165 τετάχθαι
1164 2083 1211 2156 είς
1238 2077 1299 2164 τὴν
1322 2084 1472 2162 ποίησιν,

302 2189 332 2240 et
356 2195 414 2260 quo
438 2180 486 2241 ille
511 2199 584 2241 usus
607 2189 652 2240 est
676 2179 789 2240 scholio
813 2179 995 2243 Victoriana:
1019 2177 1100 2262 φασὶ
1125 2173 1185 2261 τὴν
1209 2177 1387 2266 ῥαψῳδίαν
1412 2171 1472 2259 ὑφ’

296 2271 441 2359 Ὁμήρου
469 2277 538 2361 totq
565 2272 723 2358 τετάχθαι
751 2273 806 2339 καὶ
834 2271 878 2357 μὴ
907 2271 994 2340 εἶναι
1022 2276 1123 2360 μέρος
1147 2271 1303 2358 Ἰλιάδος,
1335 2268 1401 2340 ὑπὸ
1436 2271 1475 2338 db

301 2369 547 2456 Πεισιστράτου
577 2367 735 2453 τετάχθαι
766 2373 812 2445 εἰς
840 2368 902 2454 τὴν
932 2378 1077 2457 ποίησιν.
1128 2377 1187 2438 Res
1218 2395 1287 2438 roro
1318 2385 1347 2437 et
1377 2377 1474 2436 oratio

301 2474 370 2535 libri
397 2473 466 2534 huic
490 2475 603 2534 rumori
627 2475 745 2552 egregie
773 2473 879 2533 lavent.
926 2473 997 2534 Nam
1022 2478 1118 2536 noctis
1148 2479 1237 2537 nnius
1267 2476 1395 2553 spatium
1425 2475 1475 2534 vis

303 2570 468 2632 sufficiebat
483 2579 513 2631 et
531 2570 671 2649 legationi
685 2570 720 2630 ad
736 2568 879 2629 Achillem
892 2571 1053 2632 mittendae
1069 2581 1099 2632 et
1113 2573 1294 2651 expeditioni
1310 2578 1475 2631 nocturnae

244 2663 247 2670 ’
303 2672 333 2729 in
357 2679 453 2729 castra
476 2668 672 2729 Troianorum
698 2666 918 2745 suscipiendae,
942 2686 1038 2746 neque
1063 2668 1224 2747 probabilis
1248 2669 1347 2728 allerri
1375 2677 1475 2746 potest

303 2784 404 2845 causa,
433 2784 487 2826 cur
515 2765 639 2843 Hector,
668 2775 823 2844 postquam
847 2767 1015 2825 contionem
1039 2762 1083 2849 (Θ
1105 2760 1297 2848 4892554)
1321 2765 1475 2826 dimissam

303 2861 506 2940 Troianosque
535 2871 626 2923 totam
655 2871 771 2923 noctem
801 2856 1020 2944 (ααναυχίους
1048 2865 1076 2924 Θ
1104 2863 1184 2946 554)
1215 2863 1355 2924 excubias
1386 2880 1475 2941 agere

304 2968 455 3020 narratum
480 2960 549 3039 fuit,
572 2962 681 3020 iterum
704 2977 845 3038 proceres
868 2959 1063 3022 Troianorum
1087 2965 1256 3023 convocarit
1279 2961 1312 3021 Κ
1330 2957 1394 3022 299
1410 2979 1476 3039 sqq.

304 3057 477 3136 Explicandi
501 3055 553 3116 bas
577 3056 765 3118 dillicultates
789 3057 954 3136 periculum
979 3059 1084 3120 iecisse
1104 3069 1255 3120 auctorem
1279 3057 1348 3119 libri
1368 3058 1476 3118 decimi

305 3154 396 3232 video,
416 3152 574 3214 Doloneam
594 3153 720 3214 addendi
735 3154 891 3215 consilium
912 3164 1026 3232 poetam
1048 3165 1118 3236 tum,
1138 3176 1206 3216 cum
1225 3157 1318 3216 libros
1338 3165 1476 3216 octavum

304 3259 333 3310 et
356 3268 467 3311 nonum
491 3259 691 3330 componeret,
714 3253 829 3330 cepisse
855 3251 971 3311 sortiter
994 3271 1078 3331 nego.
1116 3250 1215 3324 Ouid?
1238 3254 1317 3332 quod
1341 3256 1478 3313 oratione

307 3347 455 3408 Diomedis
479 3349 509 3408 in
533 3349 591 3408 fine
615 3347 683 3408 libri
707 3351 777 3409 nuni
795 3349 818 3409 I
836 3346 1009 3410 tor-709
1029 3351 1184 3411 manilesto
1208 3351 1406 3430 significatum
1430 3359 1479 3410 est

307 3446 447 3506 continuo
472 3443 540 3504 olim
569 3444 638 3504 libri
665 3449 733 3506 noni
762 3447 850 3508 duem
879 3449 1025 3526 principio
1053 3446 1121 3506 libri
1145 3447 1293 3508 undecimi
1317 3455 1477 3526 exceptum

306 3561 380 3604 esse.
422 3541 503 3611 Quae
527 3559 595 3603 oum
618 3544 657 3603 ita
682 3546 754 3624 sint,
777 3544 814 3604 de
838 3544 956 3605 dicendi
980 3563 1036 3605 usu
1060 3553 1148 3623 atque
1173 3544 1333 3606 levioribus
1356 3545 1477 3607 indiciis
1562 3547 1565 3550 ’

201 3683 204 3686 -
307 3641 484 3702 recentioris
503 3641 626 3718 originis
650 3639 718 3701 libri
741 3640 849 3703 decimi
871 3642 1019 3702 disserere
1044 3637 1267 3724 supersedeo.¹)
1300 3642 1374 3704 Cum
1397 3641 1475 3702 libro

396 3875 421 3942 1)
439 3869 525 3926 Pleno
545 3873 579 3928 de
597 3872 642 3926 his
658 3871 789 3927 disseruit
802 3873 948 3942 Duonlner,
969 3874 1018 3928 Die
1034 3873 1180 3942 Doloneia,
1199 3874 1227 3928 in
1242 3874 1322 3944 Hom.
1336 3875 1476 3930 Abhsndl.

305 3959 460 4022 ood-ttio,
484 3950 532 4020 qui
556 3952 609 4006 hcc
633 3967 745 4019 quoqne
768 3950 839 4006 bene
862 3952 972 4007 monuit
990 3953 1112 4008 Thraces
1136 3953 1245 4009 sodales
1264 3953 1349 4008 lihesi
1372 3955 1402 4008 in
1420 3951 1476 4008 hoc

305 4033 377 4090 libro
397 4034 427 4088 et
444 4047 603 4102 comperero
623 4032 652 4084 et
671 4029 820 4102 disperare.
853 4031 940 4086 Plane
959 4033 1125 4088 contrariam
1144 4034 1310 4088 sententiam
1330 4031 1476 4102 amplexus

305 4117 350 4167 est
364 4111 514 4167 acerrimus
529 4109 704 4166 adversarius
718 4109 813 4165 Wollii
828 4110 921 4180 Payne
935 4109 1045 4181 Knight
1059 4113 1179 4182 Anglus,
1194 4113 1241 4182 qui
1255 4114 1325 4182 prol.
1337 4130 1359 4170 e.
1371 4112 1478 4166 XXVII

306 4191 431 4260 quemvis
450 4209 465 4246 e
484 4191 569 4246 trivio
593 4190 792 4246 homunculum
816 4191 920 4246 sentire
943 4190 985 4248 ait
1006 4193 1111 4247 nullom
1135 4195 1244 4262 partem
1268 4207 1360 4262 neque
1379 4191 1477 4246 Iliadis

306 4289 395 4340 neque
414 4271 487 4326 alius
507 4271 694 4338 cuiuscunque
718 4272 854 4339 poematis
878 4272 968 4342 magis
987 4289 1002 4326 e
1020 4271 1252 4342 praecedentibus
1270 4275 1337 4326 ante
1356 4271 1477 4327 narretis

307 4351 426 4418 pendere
454 4368 538 4420 quem
560 4349 739 4420 rhapsodiam
767 4350 846 4406 illem
873 4351 1024 4418 decimam
1053 4350 1187 4421 temporis
1209 4353 1303 4407 sutem
1328 4351 1477 4422 angustias

307 4428 398 4482 eiecto
417 4429 530 4483 exordio
548 4429 670 4486 insiticio
689 4429 755 4484 libri
773 4431 914 4486 undecimi
929 4437 953 4487 Λ
969 4439 1036 4487 1-2
1056 4430 1138 4486 focile
1158 4431 1283 4500 expediri
1300 4447 1382 4500 posse
1402 4429 1477 4486 arbi-
