3280 5104
749 359 986 424 ..140-

287 513 479 605 ἆναλιιείησι
508 524 535 582 Ζ
564 520 613 583 74.
642 524 672 583 Ρ
695 520 769 584 320.
799 521 879 602 337,
907 521 1159 608 πολυιόρείησιν
1182 528 1204 608 β
1227 521 1292 588 346
1316 526 1460 605 gliscente

287 623 514 701 interpolatione
551 640 587 682 ex
625 619 832 702 τοδωιιείηφι
868 613 1068 703 ἀναλκείηφι
1104 623 1340 706 πολυιθρείηφι
1377 631 1460 685 ortos

287 739 362 800 esse,
386 721 438 780 sed
462 739 531 780 oum
554 718 619 781 aliis
642 720 724 799 iocis,
749 719 828 780 velut
847 709 1011 800 ἡγεμόνος
1031 715 1186 802 κακότητι
1205 714 1461 804 μεθημοσόνησι

285 838 319 878 τε
348 815 440 880 λαῶν
469 811 522 902 (Ν
549 811 643 900 121),
673 809 895 898 ἀγηνορίῃσιν
924 813 1045 897 ἐνῆκας
1071 821 1093 881 Ι
1121 819 1198 901 700,
1227 815 1308 881 νέον
1335 807 1462 898 ἀνδρὸς

286 906 487 995 ὑπερβασίαι
515 910 691 978 τελέθουσι
719 912 775 996 (Ψ
800 907 895 999 589),
923 908 1194 1000 δολοφροσύνησ’
1224 908 1393 996 ἀπάτησεν
1417 907 1466 996 (Τ

286 1010 344 1092 97)
378 1031 521 1074 οοιοοτοε
554 1013 677 1092 pluralis
705 1023 734 1074 et
762 1032 850 1074 casus
878 1015 995 1074 dativus
1022 1023 1104 1074 extra
1133 1013 1348 1075 dubitationem
1371 1014 1461 1091 positi

286 1112 358 1190 sint,
383 1129 420 1171 ne
444 1109 503 1172 illis
526 1111 646 1190 quidem
670 1111 743 1171 iocis
767 1113 867 1172 invitis
891 1111 976 1173 libris
1000 1113 1160 1192 quidquam
1191 1131 1300 1173 novare
1324 1110 1462 1192 religioni

286 1207 385 1287 habui,
408 1207 514 1268 ducem
538 1218 660 1269 secutus
678 1207 854 1290 Bellorum,
878 1205 931 1289 qui
954 1217 1039 1270 caute
1063 1219 1093 1270 et
1111 1212 1328 1288 circumspecte
1340 1209 1384 1269 'de
1403 1227 1461 1270 usu

286 1304 375 1366 huius
393 1305 516 1385 pluralis
536 1307 567 1366 in
591 1306 655 1366 dies
678 1315 855 1386 augescente
878 1306 1020 1369 disseruit
1042 1306 1127 1368 Hom.
1152 1306 1194 1368 Bi.
1219 1307 1230 1367 i
1256 1305 1319 1368 166
1334 1325 1398 1386 sqq.

375 1403 502 1464 Casuum
535 1422 604 1464 vcro
636 1406 907 1467 intermorientium
939 1414 999 1486 est,
1032 1413 1065 1466 ut
1098 1423 1182 1466 suam
1212 1407 1370 1466 stationem
1400 1423 1459 1466 non

287 1504 343 1561 iam
368 1501 493 1562 tirmiter
518 1510 639 1563 teneant
662 1511 692 1564 et
715 1503 869 1564 vacillante
888 1503 963 1579 pede
982 1502 1092 1563 abenas
1111 1521 1231 1582 quoque
1256 1504 1461 1582 possessiones

286 1599 437 1680 invadant;
465 1599 534 1661 inde
562 1603 650 1660 etiam
679 1602 847 1663 terminatio
875 1620 931 1679 φι,
960 1618 1034 1679 quae
1058 1603 1198 1680 primitus
1222 1599 1460 1660 instrumentalis

286 1704 316 1756 et
344 1695 462 1758 locativi
490 1705 520 1759 et
543 1697 660 1759 ablativi
685 1701 805 1778 propria
828 1699 896 1777 init,
925 1697 1014 1758 dativi
1038 1715 1156 1776 quoque
1181 1707 1211 1758 et
1235 1699 1366 1777 genetivi
1389 1715 1458 1775 per-

286 1813 388 1855 sonam
425 1794 529 1856 iuduit.
580 1796 676 1875 Atque
713 1797 803 1857 dativi
842 1795 961 1874 quidem
998 1786 1160 1875 ἀγλαΐηφι
1191 1785 1378 1872 τιετιοιθτός,
1414 1784 1460 1866 ἀς

285 1885 416 1972 φρήτρη
445 1886 639 1974 φρήτρηφιν
666 1885 791 1977 ἀρήγῃ,
817 1885 944 1972 θεόφιν
967 1885 1102 1973 μήστωρ
1126 1883 1328 1970 ἀτάλαντος,
1356 1899 1459 1970 utpote

284 1991 336 2068 qui
359 1990 593 2052 instrumentalis
616 1999 646 2053 et
669 1991 788 2052 iocativi
810 1994 883 2051 sines
907 2009 1000 2069 prope
1023 1992 1205 2071 contingant,
1229 1993 1362 2052 omnium
1388 2009 1459 2052 con·

285 2101 375 2149 sensu
399 2089 639 2170 comprobantur,
663 2091 814 2168 genetivus
838 2097 936 2149 autem
953 2078 1074 2167 Ἰλιόφι
1093 2079 1195 2149 κλυτὰ
1213 2087 1322 2169 τείχεα
1343 2089 1375 2150 Φ
1393 2085 1459 2148 295

285 2191 315 2243 et
338 2179 442 2257 πολὺς
465 2176 497 2245 d'
523 2178 608 2266 ἀμφ’
635 2178 793 2265 ὀστεόφιν
817 2186 874 2259 θίς
898 2186 1018 2247 luerunt
1041 2188 1093 2265 qui
1116 2193 1265 2248 vexarent.
1309 2185 1367 2246 Sed
1387 2185 1459 2246 lioet

286 2299 410 2342 acumen
424 2282 562 2344 liuensii
580 2279 676 2364 primo
695 2284 760 2344 loco
777 2274 875 2346 Ἰλιόο
894 2287 1080 2345 restituentis
1099 2283 1172 2344 mihi
1188 2302 1247 2344 non
1262 2283 1459 2364 improbetur,

287 2385 386 2440 tamen
414 2399 473 2442 non
501 2383 541 2442 ita
569 2382 719 2462 explorata
743 2381 816 2442 mihi
839 2383 894 2442 ista
917 2383 1090 2443 coniectura
1113 2384 1175 2442 visa
1199 2390 1257 2462 est,
1281 2389 1315 2443 ut
1338 2401 1402 2442 eam
1427 2383 1459 2442 in

287 2477 446 2540 verborum
471 2487 642 2542 contextum
666 2482 799 2560 recipere
824 2480 977 2559 auderem,
1000 2481 1037 2540 cl
1061 2479 1080 2555 ξ
1104 2476 1156 2541 86.

373 2577 394 2654 ἓ
418 2575 468 2639 84.
514 2575 752 2638 instrumentalis
779 2595 866 2637 casos
889 2578 919 2637 in
942 2596 977 2656 η,
1002 2575 1082 2636 velut
1104 2574 1149 2656 πῆ
1173 2567 1261 2657 ότιττη
1285 2561 1307 2657 ή
1330 2573 1371 2656 τη
1395 2562 1458 2658 ήή

287 2664 416 2756 ἁμαρτῆ
445 2659 499 2756 ἧχι
526 2672 660 2756 τριπλή,
689 2676 776 2734 etiam
805 2677 898 2752 magis
926 2674 990 2757 iilo,
1023 2693 1111 2754 quem
1138 2674 1226 2735 modo
1257 2677 1459 2756 tractavimus,

285 2787 354 2830 casu
384 2769 505 2832 Homeri
539 2771 722 2850 temporibus
754 2769 900 2849 pullulare
932 2772 1073 2852 desierat,
1106 2771 1184 2832 unde
1216 2775 1401 2850 grammatici
1429 2783 1459 2833 et

287 2870 346 2927 iam
377 2877 445 2928 ante
478 2871 686 2946 grammaticos
719 2869 882 2946 scriptores
914 2877 945 2928 et
971 2867 1112 2948 lapicidae
1140 2869 1271 2930 dativum
1300 2872 1331 2930 in
1359 2870 1458 2932 locum

285 2968 401 3045 antiqui
424 2966 503 3027 illins
527 2984 614 3027 casus
637 2966 820 3028 substituere
845 2973 1036 3027 consuerunt.
1082 2964 1142 3025 Nos
1165 2964 1295 3045 quidem,
1320 2976 1355 3027 ut
1376 2969 1459 3028 Cice·

285 3066 366 3124 ronis
394 3063 494 3124 verbis
522 3071 654 3143 utamur,
683 3065 838 3124 scientiam
866 3064 951 3125 nobis
980 3065 1210 3142 reservavimus,
1239 3064 1289 3124 sed
1318 3066 1458 3126 interitu

284 3147 493 3222 constituendo
521 3161 558 3221 ab
582 3161 752 3222 Aristarcho
777 3169 806 3222 ct
830 3161 965 3223 codicum
989 3161 1046 3222 tide
1071 3161 1200 3240 pendere
1224 3180 1284 3222 nou
1308 3165 1458 3241 aspernati

284 3277 396 3319 sumus.
446 3257 548 3338 ltaque
585 3259 664 3338 qvvod
697 3259 886 3320 Aristarchus
922 3244 978 3339 ήχι
1016 3257 1107 3319 scribi
1144 3257 1236 3318 voluit
1273 3252 1326 3342 (ct.
1363 3261 1457 3321 schol.

284 3357 319 3417 ad
356 3360 388 3417 A
422 3353 496 3417 607.
534 3356 565 3416 Λ
604 3353 654 3417 76.
692 3376 713 3434 γ
745 3354 800 3436 87,
841 3355 993 3416 La-Roobc
1030 3355 1114 3416 Hom.
1152 3354 1272 3415 Toxtlr.
1311 3375 1338 3435 p.
1377 3351 1457 3439 278)

284 3464 314 3515 οι
346 3454 464 3516 codices
497 3471 556 3514 uno
589 3471 736 3515 consensu
769 3437 791 3532 ἦ
819 3445 855 3533 (ή
884 3455 915 3514 Α
943 3463 973 3513 οι
1001 3453 1187 3514 llerodianus
1215 3451 1316 3516 1492
1360 3449 1458 3534 θέμις

284 3548 356 3613 ἐστι’
381 3545 423 3633 (Β
453 3548 503 3612 73.
531 3551 555 3612 Ι
579 3545 663 3632 333)
696 3552 733 3610 Ψ
758 3548 833 3611 581.
859 3551 893 3610 Ω
922 3545 1002 3632 658)
1031 3569 1146 3610 οοοιιοο
1175 3543 1217 3631 δή
1246 3561 1277 3611 et
1304 3571 1325 3631 η
1354 3560 1384 3612 ot
1406 3545 1456 3632 φη’

284 3652 348 3709 sine
376 3651 435 3710 iota
463 3647 617 3728 exhibent,
645 3647 774 3716 libenter
800 3647 1070 3730 comprobavimus,
1098 3648 1187 3710 iidem
1216 3657 1315 3710 autern
1343 3649 1456 3710 codicis

286 3747 388 3808 Veneti
412 3749 443 3808 A
470 3749 641 3808 auctoritati
663 3748 757 3807 innixi
780 3747 935 3826 particulis
958 3743 1002 3828 τιή
1027 3737 1115 3827 ότιττη
1137 3745 1178 3828 τῇ
1201 3744 1320 3827 τριπλῇ
1343 3766 1456 3826 τετρα-

283 3843 348 3928 πλῇ
385 3835 516 3926 ἁμαρτῇ
554 3847 613 3904 iota
650 3863 709 3905 non
742 3845 932 3906 detraximus.
982 3843 1174 3923 Expressisse
1206 3853 1305 3904 autent
1339 3845 1456 3906 videtur

283 3945 423 4006 librarius
447 3943 559 4004 codicis
583 3941 687 4002 Veneti
709 3942 818 4021 piacita
840 3941 1001 4002 Herodiani
1024 3944 1208 4021 grammatici
1232 3937 1283 4021 (ci.
1308 3941 1399 4002 schol.
1417 3943 1454 4002 ad

286 4044 317 4104 Φ
351 4041 414 4104 162
447 4051 476 4102 ct
504 4040 611 4101 llcrod.
644 4039 706 4100 roll
735 4040 747 4100 i
774 4038 853 4120 489,
884 4038 1014 4120 1.492,
1051 4037 1149 4101 1411
1177 4036 1256 4120 590,
1286 4033 1356 4123 12);
1385 4058 1455 4100 corr·

374 4207 399 4274 1)
420 4212 435 4257 t
457 4212 490 4258 23
510 4195 528 4274 ἦ
546 4203 631 4274 θέμις
650 4199 708 4259 ἐστὶ
725 4199 822 4270 frisa}
841 4198 930 4272 ἀγορῇ
949 4203 1024 4272 quod
1042 4203 1114 4256 mira
1132 4200 1321 4256 inconstantia
1339 4201 1452 4272 scripsi-

284 4303 354 4351 mus,
368 4285 480 4352 cnlpcm
494 4284 623 4355 scriptori
638 4283 806 4352 Graecisque
821 4283 923 4353 irrogo,
939 4282 987 4352 qui
1000 4281 1196 4337 adverbiorum
1210 4280 1455 4337 instrumentalem

284 4381 378 4416 meum
406 4364 579 4419 retinuerunt
606 4355 660 4434 (ἧ),
687 4363 832 4420 nominum
860 4360 1069 4417 inshumentaii
1092 4359 1218 4416 dativum
1243 4355 1355 4432 (ἀγορῇ)
1379 4378 1455 4418 com·

284 4446 470 4498 mutaverunt.
