3280 5104
645 413 865 477 „95-

169 579 351 656 promovisse
385 585 415 637 et
449 577 571 636 lormam
601 577 700 655 operis
731 579 814 636 novis
844 576 934 637 rebus
962 575 1191 655 hominibusque
1219 577 1341 638 adscitis

170 673 365 752 amplificasse
388 682 485 752 putes.
522 671 632 733 Tribus
656 691 726 734 vero
749 676 845 752 poetis
864 682 1002 752 quartum
1022 673 1138 733 adicere
1158 681 1189 732 tu
1210 673 1341 752 debebis,

168 773 192 830 si
221 772 353 830 carmina
377 768 406 832 3.
429 767 541 831 5-10
569 789 628 831 non
657 770 753 831 solum
781 779 849 850 post
877 787 996 832 carmen
1022 767 1061 830 18
1086 771 1261 849 composita,
1287 769 1340 830 sed

168 869 257 928 etiam
282 867 319 928 ab
343 868 400 929 alio
424 879 510 948 poeta
534 870 612 930 iuter
635 870 764 947 primum
788 876 819 928 et
842 869 1032 929 undecimum
1055 866 1163 928 librum
1186 867 1341 927 interiecta

171 986 236 1028 esse
253 974 381 1048 statues;
395 967 450 1028 boc
466 975 565 1028 autem
580 975 610 1026 et
623 969 721 1045 ipsum
737 966 773 1026 de
788 963 902 1025 duabus
917 966 1103 1042 potissimum
1117 963 1209 1025 rebus
1224 965 1342 1047 pendet,

168 1067 298 1143 primum
323 1065 393 1144 quid
418 1065 454 1125 de
474 1064 610 1126 versibus
628 1065 659 1125 Λ
679 1062 721 1126 36
742 1058 793 1126 ἐπὶ
813 1055 873 1143 μὲν
892 1053 1010 1142 Γοργὼ
1028 1060 1239 1143 βλοσυρῶπις
1258 1058 1341 1124 ἐστε-

168 1156 307 1241 φάνωτο
331 1170 362 1223 11
385 1163 416 1222 Ε
439 1159 502 1223 ’139
527 1156 601 1241 πέρι
620 1155 681 1242 μὲν
700 1155 805 1243 πάντῃ
833 1152 944 1239 Φόβος
967 1153 1193 1239 ἐστεφάνωται
1212 1161 1290 1220 inter
1309 1177 1341 1218 se

167 1263 347 1338 comparatis
380 1263 489 1321 sentias
499 1255 536 1343 ¹),
568 1260 675 1321 deinde
709 1260 778 1339 quid
811 1257 945 1319 facilitati
977 1277 1080 1338 poema
1112 1259 1229 1337 epicum
1258 1257 1341 1317 novis

168 1357 310 1437 episodiis
334 1356 476 1418 dilatandi
494 1358 671 1418 coniunctae
695 1375 763 1417 ctrm
786 1357 994 1438 discrepandis
1018 1375 1054 1417 ex
1073 1359 1198 1435 pristino
1218 1353 1342 1416 consilio

167 1463 281 1516 mutato
311 1454 445 1516 subtratis
474 1454 597 1517 tribuas.
644 1454 701 1514 Sed
735 1455 807 1516 baec
836 1464 906 1516 sunt
933 1455 1047 1516 altioris
1075 1455 1234 1533 indaginis,
1267 1471 1342 1531 quae

168 1571 274 1614 vereor
299 1562 331 1613 ut
355 1573 495 1634 umquam
520 1553 658 1614 omnibus
682 1551 767 1631 plane
790 1553 964 1632 persuaderi
982 1555 1107 1632 possint.
1144 1550 1289 1630 Equidem
1308 1557 1342 1610 ut

168 1653 256 1711 etiam
281 1651 352 1730 quid
377 1654 406 1711 in
427 1651 481 1712 bac
501 1651 615 1712 lubrica
634 1659 717 1730 parte
737 1652 919 1729 quaestionis
937 1649 1110 1711 Homericae
1130 1658 1229 1728 optem
1249 1649 1342 1725 magis

168 1765 257 1826 quam
276 1747 410 1828 probem,
433 1751 573 1828 aperiam,
592 1750 716 1808 maxime
737 1765 772 1808 ee
792 1747 911 1828 inclino,
930 1757 963 1810 ut
982 1749 1056 1809 duos
1076 1747 1255 1809 architectos
1273 1763 1343 1824 poe·

170 1852 213 1903 tas
228 1843 327 1905 iliadis
348 1845 439 1906 luisse
457 1847 576 1908 credam
591 1863 683 1906 tinum
698 1847 807 1906 veteris
822 1855 852 1907 et
865 1846 1017 1926 simplicis,
1036 1846 1162 1907 alterum
1177 1842 1342 1923 implicatae

169 1950 199 2001 at
222 1953 453 2024 consummatae,
477 1951 507 2004 et
526 1944 601 2004 duos
619 1943 757 2023 pluresve
776 1953 879 2022 poetas
898 1945 1098 2024 secundarios,
1123 1943 1174 2021 qui
1192 1949 1342 2019 tamquam

169 2040 304 2100 aedilicio
328 2042 385 2100 iam
409 2040 542 2118 perlecto
566 2043 672 2120 pinnas
696 2050 726 2101 11
749 2040 908 2102 turriculas
932 2042 1075 2102 adiecisse
1099 2049 1129 2100 et
1147 2039 1342 2099 commisuras

169 2156 308 2198 saxonum
341 2138 448 2217 lapillis
480 2138 643 2217 explevisse
678 2138 841 2200 videantur.
893 2139 970 2200 Sane
1003 2137 1192 2200 difficultates
1221 2135 1342 2214 quidem

169 2236 424 2314 interpretationis
457 2244 487 2296 et
519 2255 620 2298 rerum
654 2245 683 2297 et
712 2236 869 2297 verborum
899 2236 1014 2298 lacilios
1041 2233 1114 2296 solvi
1143 2232 1287 2314 concedo,
1317 2235 1342 2292 si

170 2340 232 2392 toto
264 2342 399 2410 poemate
433 2337 463 2394 in
497 2353 547 2394 sex
581 2344 681 2415 partes
710 2334 805 2396 diviso
833 2351 929 2394 suuni·
949 2336 1056 2415 cuique
1085 2333 1161 2412 parti
1190 2340 1342 2392 auctorem

169 2429 321 2491 adtribuas
345 2433 376 2491 in
399 2431 479 2492 bunc
503 2431 637 2493 morium:

171 2529 361 2590 d:carmina
387 2528 413 2590 1.
438 2528 467 2591 2.
493 2527 543 2590 13.
567 2525 618 2590 25.
643 2527 684 2590 31
710 2537 740 2589 11
763 2537 879 2590 veteres
903 2538 1003 2609 partes
1027 2529 1191 2590 carminum
1216 2523 1266 2586 21.
1291 2523 1343 2586 29.

230 2621 510 2707 ffiQffiQ
1186 2663 1188 2668 ·

170 2718 396 2782 Bzcarmina3
416 2716 563 2804 (exeeptis
582 2723 718 2784 versibus
737 2723 766 2783 B
784 2716 907 2805 1-86)
926 2719 955 2783 5.
975 2719 1004 2782 6.
1026 2719 1053 2782 1.
1073 2719 1101 2782 8.
1121 2718 1141 2780 9
1162 2729 1193 2780 11
1212 2729 1342 2782 veterem

228 2827 344 2898 partem
368 2822 508 2882 carminis
534 2818 587 2900 10,
926 2889 928 2904 ¹

171 2914 360 2976 Cauarmina
391 2915 439 2976 11.
470 2913 510 2977 12
538 2912 678 2996 (leuasse
706 2919 792 2978 etiam
824 2913 878 2998 13)
907 2914 959 2978 20.
988 2915 1039 2978 21.
1068 2913 1120 2978 22.
1143 2914 1195 2978 23.
1224 2915 1275 2977 24.
1299 2914 1342 2977 26

229 3023 259 3074 11
283 3013 474 3093 interpolatas
497 3023 598 3093 partes
622 3013 766 3076 librorum
790 3016 820 3076 Ε
828 3016 865 3076 Π
873 3015 913 3096 Ρ,

172 3111 361 3172 Decarmina
388 3108 428 3172 13
453 3107 505 3193 (l).
532 3110 580 3173 14.
607 3109 655 3173 15.
683 3109 731 3173 16.
757 3111 805 3174 19.
830 3110 882 3174 31.
906 3111 957 3174 36.
977 3110 1028 3174 38.
1047 3110 1091 3173 40
1109 3121 1140 3172 11
1158 3103 1343 3174 recentiores

229 3217 330 3287 partes
353 3209 518 3268 carminum
542 3206 570 3271 3.
595 3207 646 3270 30.
671 3207 721 3270 32.
746 3208 798 3272 33.
822 3207 872 3272 35.

174 3306 361 3367 Ezcarmina
391 3304 439 3368 ti.
470 3303 521 3368 34.
549 3303 592 3368 39
621 3317 650 3368 11
678 3311 861 3370 recentiores
888 3315 989 3386 partes
1016 3310 1181 3369 carminum
1213 3307 1261 3370 16.
1291 3307 1343 3370 28.

231 3401 282 3465 31.
307 3399 359 3464 39.
382 3400 434 3485 40,

178 3501 219 3564 F:
234 3500 382 3580 catalogos
406 3510 436 3561 11
460 3503 538 3563 varia
561 3502 767 3565 additamenta.

262 3598 319 3660 Sed
345 3617 412 3660 oum
437 3600 565 3660 eundem
588 3610 705 3678 poetam
728 3619 816 3662 suum
839 3619 944 3680 poema
965 3599 1158 3680 perpolivisse
1177 3611 1207 3663 et
1226 3605 1343 3663 auxisse

172 3697 264 3759 multo
298 3699 360 3757 reri
394 3697 520 3758 similius
548 3700 587 3758 sit
615 3717 702 3778 quam
731 3697 820 3760 alium
848 3698 943 3758 alieno
970 3700 1054 3778 operi
1082 3698 1287 3777 amplificando
1314 3708 1344 3760 et

172 3795 305 3857 ornando
333 3812 454 3872 operam
483 3813 617 3875 navasse,
645 3794 746 3874 plures
770 3805 907 3857 auctores
930 3799 1095 3857 carminum
1119 3797 1253 3856 eiusdem
1276 3815 1344 3874 poe·
1417 3801 1420 3810 '

172 3897 258 3954 matis
302 3895 360 3954 nisi
404 3895 580 3954 necessitate
619 3892 744 3971 quadam
784 3905 905 3956 coactus
951 3902 1081 3956 statuere
1121 3895 1197 3956 nolo.
1248 3895 1344 3957 Facile

172 4000 272 4053 antem
312 3993 376 4052 lieri
412 3992 527 4074 potuit,
570 3999 603 4051 ut
639 3999 725 4069 poeta
770 3995 821 4071 qui
857 3993 986 4071 primum
1024 3992 1126 4052 decem
1163 3993 1345 4054 carminibus

232 4157 237 4168 ⁸
264 4175 289 4240 l)
304 4171 382 4224 Hanc
392 4170 506 4239 quidem
520 4189 578 4226 rem
593 4171 622 4224 in
631 4186 695 4225 mea
707 4171 830 4226 editione
840 4173 882 4228 ile
890 4171 1049 4242 profligari,
1062 4175 1093 4225 ui
1103 4189 1198 4226 versus
1209 4177 1344 4228 nac-at

173 4269 190 4306 a
209 4251 320 4306 novicio
340 4251 425 4319 poeta
442 4250 509 4304 libri
527 4249 619 4320 quinti
638 4251 730 4305 locum
749 4251 893 4305 laudatum
912 4249 1064 4304 infeliciter
1077 4251 1205 4305 imitante
1220 4254 1344 4308 adiectos

173 4349 233 4386 ease
253 4335 413 4386 statuerem.
453 4329 571 4399 Quoque
590 4331 663 4385 enim
683 4333 712 4384 te
731 4334 836 4400 111111,
856 4329 993 4399 Gorgonis
1012 4333 1040 4383 ei
1059 4329 1182 4384 Terrenis
1199 4331 1346 4402 Maiusque

174 4411 331 4466 simulacris
350 4411 379 4464 in
398 4413 479 4465 scuto
497 4409 598 4478 viginti
616 4410 701 4464 bullis
720 4411 858 4480 plumbeis
877 4411 907 4464 ei
923 4425 980 4462 uno
998 4409 1117 4464 umbone
1137 4410 1227 4466 ferreo
1246 4415 1345 4468 ornato

174 4493 301 4546 idoneum
323 4491 416 4546 locum
435 4507 491 4544 non
509 4491 642 4545 invenies.
