3280 5104
765 380 982 443 ,86-

284 544 418 604 artiliciis
455 544 648 619 corrigerent.
697 541 793 602 Unum
829 542 885 603 boc
922 545 953 602 iu
990 541 1204 602 dubitationem
1237 542 1338 601 vocari
1370 559 1460 618 posse

287 641 415 721 videtur,
453 648 553 700 utrum
586 641 674 699 etiam
708 657 811 699 versus
839 639 878 699 H
902 637 1032 700 8-312
1064 657 1120 699 una
1154 657 1222 698 cunr
1253 636 1345 697 altera
1374 645 1459 715 parte

285 737 353 799 libri
376 738 495 816 septimi
518 744 548 797 et
572 736 689 797 duobus
712 735 940 814 insequentibus
963 736 1048 797 libris
1072 737 1218 814 originem
1236 737 1398 814 ceperint,
1421 753 1459 794 an

284 854 352 895 curn
380 833 456 894 libro
483 843 567 895 sexto
590 837 702 896 arctius
732 833 932 912 coniungendi
955 841 1044 913 atque
1068 830 1228 911 copulandi
1252 835 1320 893 sint.
1368 832 1458 912 Equi·

284 934 351 993 dem
375 951 443 992 cram
467 932 519 992 diu
537 932 738 1013 lluctuassem,
762 931 884 992 alteram
909 933 1086 992 sententiam
1106 930 1244 1010 amplecti
1265 933 1358 991 satius
1378 931 1460 1010 dori,

286 1040 318 1092 ut
342 1049 379 1091 ne
399 1030 510 1090 llector
530 1039 559 1090 et
579 1030 664 1090 Paris
683 1032 712 1090 in
732 1028 880 1108 proelium
898 1030 1012 1090 reversi
1031 1028 1105 1088 nibil
1125 1033 1257 1108 patrasse
1280 1028 1461 1108 viderentur,

284 1130 418 1207 quamvis
441 1129 547 1188 inertia
574 1135 688 1207 poetae,
711 1129 763 1206 qni
794 1126 916 1203 proeliis
945 1127 1032 1206 primi
1056 1126 1116 1186 dici
1139 1126 1228 1187 alium
1257 1126 1347 1186 duem
1371 1144 1460 1205 quam

284 1226 406 1287 alterius
429 1209 545 1303 pugnae
570 1224 728 1304 singularis
752 1226 911 1302 ancipitem
935 1227 1047 1285 exitum
1072 1225 1225 1302 imponere
1249 1243 1309 1284 non
1329 1222 1459 1302 calleret,

286 1323 437 1403 praeclara
464 1324 634 1383 inventione
658 1322 727 1382 libri
751 1324 827 1382 sesti
851 1339 956 1400 parum
980 1321 1068 1399 digna
1092 1339 1158 1380 esse
1182 1321 1325 1381 videatur.

374 1420 394 1497 ξ
417 1417 469 1482 42.
515 1417 593 1480 llaec
622 1427 778 1498 postquam
807 1419 1027 1498 praemisimus,
1056 1420 1113 1478 iam
1142 1426 1260 1497 tempus
1292 1428 1461 1480 astrorum

286 1518 511 1597 discrepantias,
536 1535 609 1596 quas
633 1518 788 1597 superiore
812 1518 908 1595 capite
932 1518 1140 1597 exposuimus,
1162 1516 1198 1577 ad
1223 1516 1332 1578 classes
1356 1519 1460 1578 carmi-

287 1634 358 1676 num
383 1613 615 1676 dicriminandas
638 1613 787 1676 adbibere.

376 1712 572 1773 Inveniuntur
596 1715 688 1791 igitur

287 1813 402 1871 moenia
427 1819 594 1870 castrorum
618 1813 649 1871 in
673 1810 855 1872 carminibus
883 1809 930 1872 14.
958 1807 1006 1872 15.
1033 1807 1081 1870 16.
1106 1806 1157 1870 20.
1181 1807 1233 1870 23,
1256 1807 1307 1871 26.
1332 1806 1384 1870 29.
1408 1807 1459 1870 34.

331 1906 374 1970 40
399 1909 460 1968 sive
484 1909 514 1968 in
539 1907 624 1969 libris
647 1903 1057 1984 ΗΘΙΜΝΞΟΣΤΩ,

287 2006 368 2084 Lycii
393 2005 601 2068 meridionales
625 2009 655 2067 in
679 2005 861 2068 carminibus
886 2004 936 2066 10.
963 2003 1011 2068 12.
1039 2003 1087 2066 13.
1106 2002 1247 2068 20-23,
1267 2003 1318 2067 25.
1342 2005 1394 2068 26.
1418 2004 1459 2068 27

332 2107 393 2164 sire
416 2106 447 2164 in
472 2102 555 2164 libris
579 2101 955 2180 ΕΖΗΜΝΞΟΠΡ,

289 2201 372 2280 Lycii
400 2203 647 2280 septentrionales
676 2205 705 2263 in
730 2199 912 2263 carnunibus
937 2197 964 2260 7.
989 2198 1009 2261 9
1034 2204 1095 2261 sive
1119 2202 1149 2259 iu
1173 2200 1258 2260 libris
1283 2202 1355 2261 ΔΕ
1375 2211 1406 2262 et
1431 2206 1461 2262 in

334 2315 421 2358 versu
449 2295 559 2376 Τρῶες
582 2293 637 2359 καὶ
661 2292 782 2360 Λύκιοι
804 2317 832 2358 κ.
855 2316 881 2358 τ.
906 2297 932 2358 t.
957 2300 1067 2358 veteris
1091 2296 1159 2381 libri
1183 2297 1229 2374 Λ,

289 2395 469 2456 Scamander
493 2397 571 2456 inter
594 2403 689 2456 castra
714 2405 743 2456 et
768 2395 873 2456 urbem
892 2395 1066 2455 interfluens
1086 2397 1116 2455 iu
1135 2394 1318 2456 carminibus
1339 2393 1388 2456 15.
1408 2396 1461 2459 22.

332 2489 384 2573 35,
408 2491 452 2554 40
476 2495 537 2553 sive
561 2492 700 2554 inlibris
723 2489 889 2568 damn,

288 2590 470 2652 Scamander
498 2599 596 2652 castra
620 2600 651 2651 ct
674 2589 778 2651 urbem
802 2591 1017 2669 praeterlluens
1041 2593 1071 2650 in
1095 2590 1276 2651 carminibus
1300 2589 1330 2652 3.
1354 2590 1383 2652 ll.
1411 2592 1462 2654 18.

332 2685 375 2748 35
399 2690 461 2747 sire
485 2688 515 2746 in
539 2686 624 2746 libris
648 2686 809 2747 ΒΕΛΦ.

377 2785 436 2844 lam
471 2784 552 2844 vides
585 2786 750 2848 carminum
781 2780 821 2845 15
849 2795 878 2846 ct
907 2783 950 2846 22
978 2787 1053 2866 sive,
1086 2787 1112 2846 si
1140 2786 1218 2864 ‹puod
1247 2789 1277 2846 in
1307 2790 1462 2866 superiore

288 2882 473 2961 paragrapho
504 2882 660 2943 docuimus
687 2881 810 2962 probas,
839 2883 1002 2942 carminum
1034 2880 1164 2944 11-15
1192 2893 1222 2944 ct
1249 2883 1381 2946 20—23
1406 2886 1463 2946 lroc

288 2999 354 3040 csse
391 2999 561 3062 commune,
599 2980 677 3060 qood
716 2987 812 3040 castra
849 2998 935 3040 muro
968 2983 1078 3062 cincta,
1116 2981 1220 3060 Lycios
1252 2982 1462 3044 meridionales

288 3078 425 3138 Troianis
455 3078 695 3158 confoederatos,
724 3078 937 3138 Scamandrum
967 3081 1044 3138 inter
1069 3078 1173 3140 urbem
1197 3088 1227 3140 ct
1251 3089 1347 3140 castra
1371 3083 1462 3141 inter-

289 3176 429 3236 llnentem
452 3175 619 3254 perhibent.
656 3176 764 3236 Contra
784 3174 890 3254 Lycios
913 3175 1122 3237 meridionales
1141 3179 1257 3256 ignorat
1275 3186 1305 3238 ot
1325 3177 1462 3238 Scaman-

288 3272 374 3331 drum
400 3270 504 3333 urbem
528 3281 616 3351 atque
640 3282 735 3333 castra
760 3273 1021 3351 praeterfluentem
1045 3273 1129 3352 lingit
1152 3291 1271 3334 carmen
1291 3277 1462 3354 antiquissi-

289 3387 368 3430 mum
393 3369 429 3430 de
453 3370 680 3447 Agamemnonis
704 3368 840 3431 laudibus
864 3372 925 3430 sive
949 3369 1025 3430 liber
1048 3371 1088 3451 A,
1113 3372 1190 3450 quod
1215 3372 1291 3432 idem
1317 3373 1353 3433 de
1377 3372 1462 3435 libris

289 3469 320 3525 A
347 3473 377 3525 ot
401 3466 443 3547 X,
475 3467 584 3544 quippe
615 3469 665 3545 qui
695 3486 791 3547 nequo
820 3469 936 3528 moenia
964 3487 1060 3548 neque
1091 3468 1196 3548 Lycios
1227 3480 1462 3532 commemorent

288 3581 386 3642 neque
410 3563 446 3624 de
467 3563 639 3624 Scamandri
663 3584 753 3626 cursu
774 3566 934 3645 quidquam
953 3565 1103 3646 deliniant,
1127 3575 1257 3627 statuere
1276 3567 1362 3628 nobis
1380 3568 1460 3630 licet.

289 3659 418 3739 Utraque
447 3663 546 3739 opinio
575 3663 611 3722 da
639 3662 737 3741 Lyciis
765 3671 795 3723 ot
823 3664 953 3724 llumiuis
982 3664 1154 3725 Scamandri
1181 3684 1273 3726 cursu
1300 3668 1458 3726 commixta

288 3777 353 3818 esse
373 3758 490 3818 ridetur
508 3760 540 3821 iu
559 3757 643 3818 libris
658 3760 733 3819 ΕΠ
741 3760 784 3842 Φ;
804 3761 854 3820 sed
871 3764 896 3821 si
913 3760 1459 3844 versusE471—493.6at-6aa‚

289 3857 327 3915 Π
354 3853 539 3917 303-376.
569 3854 643 3917 397.
675 3854 864 3938 atu-697,
905 3857 936 3918 Φ
968 3856 1157 3940 naa-525,
1193 3860 1222 3920 id
1256 3859 1335 3938 quod
1368 3879 1459 3939 supra

290 3954 494 4034 probavimus,
523 3953 715 4032 interpolatos
743 3972 808 4016 esse
837 3956 1009 4037 statuimus,
1037 3957 1143 4017 borum
1171 3975 1290 4036 quoque
1313 3956 1458 4019 librorum

288 4131 484 4202 πεπλεγμένην
516 4131 548 4188 dl
583 4133 632 4187 nol
663 4128 771 4203 ἠθικὴν
805 4131 856 4203 τὴν
888 4136 938 4203 τῆς
971 4133 1132 4200 Ὀδυσσείας
1164 4137 1247 4206 dicit,
1284 4138 1339 4193 boc
1371 4139 1459 4195 ctiam

288 4212 377 4281 magis
407 4213 529 4280 quadret
557 4213 585 4267 in
609 4215 732 4268 veterem
756 4213 881 4268 fabulam
905 4213 1008 4269 iliadis.
1051 4214 1191 4286 Imprimis
1215 4216 1288 4271 onim
1316 4217 1460 4288 legatione

288 4291 353 4345 libri
380 4291 447 4346 noni
478 4290 649 4362 implicatior
681 4297 711 4350 et
741 4294 896 4349 contortior
927 4295 1058 4352 decursus
1089 4313 1181 4351 rerum
1213 4298 1304 4351 factus
1337 4302 1394 4368 est,
1427 4302 1460 4353 ut

287 4370 565 4502 nepuetusptua'trm
592 4391 681 4442 neque
700 4369 853 4446 μετάβασις
873 4373 912 4437 εἰς
931 4373 1111 4446 περιπέτειαν
1130 4375 1242 4430 fabulae
1261 4375 1344 4445 plane
1362 4377 1459 4434 deesse

287 4467 316 4504 vr
337 4465 382 4503 ere
397 4467 436 4504 ur.
