3280 5104
663 409 907 474 -147-

202 577 322 637 ductam
356 574 494 656 syllabam
528 581 690 636 extremam
723 573 833 633 habeut
860 581 890 632 et
918 574 1057 634 infinitivi
1084 576 1114 634 in
1142 593 1220 654 εμεν
1248 573 1372 634 aliorum

202 683 370 753 temporum
399 681 467 734 ante
500 690 644 733 consonas
681 670 794 732 litteras
831 689 953 750 perraro
986 674 1017 732 in
1049 670 1193 752 Odyssea,
1226 688 1373 750 nusquam

201 775 232 833 in
270 771 389 851 hymnis
426 765 656 851 inveniantur¹).
718 769 789 829 lnde
820 775 934 829 certum
968 774 1056 848 atque
1089 769 1273 847 exploratum
1306 787 1372 830 esse

200 870 301 930 iudico
334 871 391 930 iam
424 877 492 929 ante
520 868 669 929 Pisistrati
697 873 835 944 aetatem,
869 883 927 944 quo
955 873 1089 944 tempore
1118 867 1243 928 8111111111
1270 865 1372 927 Ηεεὶο-
1488 907 1492 914 -

201 967 290 1030 derum
311 965 504 1047 pangebatur,
523 974 626 1045 poetas
650 967 751 1044 epicos
773 970 935 1024 extremam
956 963 1094 1044 syllabam
1114 966 1251 1026 infinitivi
1270 964 1374 1024 aoristi

199 1069 231 1127 in
267 1065 343 1126 duas
385 1062 511 1143 syllabas
547 1062 712 1123 distrahere
749 1063 915 1141 coepisse,
957 1061 1014 1122 Sed
1053 1081 1121 1122 eum
1158 1061 1305 1123 Hesiodus
1342 1063 1371 1120 iu

200 1165 338 1241 genuinis
375 1160 557 1223 carminibus
594 1161 630 1222 ab
667 1160 722 1220 bae
759 1159 913 1239 prosodioa
946 1159 1064 1220 lieentia
1097 1179 1162 1222 sese
1194 1159 1373 1220 abstinuisse

200 1261 346 1340 videatur,
369 1260 592 1337 antiquissimos
616 1276 734 1337 quoque
758 1256 933 1318 Homeridas
956 1259 1042 1319 biam
1067 1258 1269 1320 diductionem
1292 1274 1373 1337 spre-

201 1361 279 1420 visse
310 1359 373 1418 veri
402 1355 585 1416 simillimum
613 1372 678 1416 esse
707 1354 793 1415 duco.
838 1355 935 1433 itque
968 1374 1004 1414 ex
1038 1359 1118 1416 omni
1141 1356 1262 1436 quidem
1284 1354 1374 1416 iliade

201 1458 365 1518 infinitisos
397 1457 472 1516 istos
504 1453 642 1514 diductos
675 1451 869 1532 expulissem,
902 1455 960 1513 nisi
988 1473 1091 1514 versus
1120 1472 1210 1533 supra
1238 1452 1374 1514 laudatus

202 1555 234 1616 X
252 1551 320 1615 426
344 1555 401 1613 111111
425 1571 553 1631 pronum
577 1552 613 1612 ad
633 1551 843 1628 corrigendum
861 1553 1036 1639 iterum-me
1056 1559 1232 1612 revocasset.
1269 1550 1375 1611 Nullus

201 1671 271 1712 vero
290 1651 424 1712 dubitavi
443 1669 501 1712 uua
521 1659 551 1711 et
574 1668 672 1710 reram
692 1651 830 1710 inlinitivi
849 1651 973 1710 lormam
992 1659 1022 1710 et
1045 1650 1184 1728 digammi
1207 1651 1266 1710 vim
1290 1651 1374 1710 resti-

202 1759 286 1810 tuere
311 1749 469 1810 seribendo
487 1767 521 1809 τε
535 1745 645 1809 fadaia
660 1738 704 1828 (τ’
731 1739 833 1808 ἰδέειν
848 1741 947 1830 codd.)
971 1743 1086 1810 6453.
1107 1743 1215 1828 0475,
1239 1765 1293 1808 uec
1313 1749 1375 1807 seio

201 1866 237 1908 an
256 1846 348 1909 dubio
367 1845 417 1906 illo
436 1846 500 1907 loeo
521 1847 554 1906 X
568 1843 633 1907 426
653 1848 750 1924 prisca
770 1855 800 1906 et
818 1847 946 1925 genuina
965 1846 1054 1906 lectio
1074 1847 1164 1906 luerit
1182 1836 1228 1918 ὡς
1247 1837 1376 1926 ὤφελλε

202 1948 325 2007 θανεῖν
350 1940 386 2006 έν
409 1938 524 2025 χερσὶν
547 1940 673 2026 ἐμήσιν.

291 2045 311 2122 ξ
335 2043 388 2106 89.
413 2041 576 2104 Verborum
591 2049 812 2103 contractorum
827 2041 986 2102 nonnullae
1001 2041 1111 2102 lormae
1127 2044 1158 2103 in
1172 2040 1293 2102 Homeri
1312 2059 1375 2102 car·

203 2143 333 2204 minibus
353 2151 478 2222 exstant,
502 2159 577 2220 quae
593 2147 626 2200 ut
645 2159 660 2200 a
680 2157 816 2200 sermone
835 2137 940 2200 ionum
960 2140 1185 2218 Atticorumque
1205 2139 1375 2222 abhorrent,

203 2245 242 2304 ita
266 2240 395 2302 aeolicae
419 2237 544 2298 dialecto
568 2246 709 2316 cognatae
732 2255 799 2298 esse
823 2233 973 2314 videntur,
996 2237 1099 2299 duales
1122 2238 1189 2298 dico
1212 2229 1376 2317 φοιτήτην

202 2331 440 2421 προσαυδήτην
456 2336 485 2394 Λ
501 2333 574 2396 136.
601 2337 631 2396 Χ
642 2333 696 2413 90,
720 2335 760 2396 Μ
772 2333 846 2414 266,
870 2327 1017 2416 συλήτην
1040 2337 1078 2397 Ν
1097 2333 1173 2416 202,
1196 2327 1377 2415 ἀπειλήτην

202 2437 222 2496 λ
245 2433 320 2514 313,
344 2424 554 2512 συναντήτην
577 2450 602 2493 π
620 2431 694 2513 333,
714 2441 745 2494 et
763 2435 924 2493 inlinitivos
947 2424 1109 2514 ἀλήμεναι
1128 2435 1160 2494 Ε
1177 2432 1251 2496 823.
1274 2434 1308 2494 Σ
1326 2431 1377 2513 76,

202 2525 385 2611 καλήμεναι
410 2530 444 2590 K
469 2526 541 2608 125,
565 2524 724 2610 γοήμεναι
752 2525 877 2610 Ξ502,
900 2522 1089 2609 φορήμεναι
1114 2530 1143 2591 0
1166 2527 1241 2609 310,
1264 2520 1377 2609 τερσή-

204 2649 302 2709 μεναι
328 2629 357 2688 Τ
375 2624 427 2707 98,
451 2619 632 2707 φιλήμεναι
655 2628 690 2688 Χ
706 2625 785 2707 265,
808 2619 1001 2708 ποθήμεναι
1023 2648 1047 2708 μ
1072 2626 1144 2708 110,
1168 2619 1377 2707 πενθήμεναι

204 2725 318 2788 σ174.
337 2745 355 2786 τ
376 2723 448 2804 120,
471 2718 667 2804 πεινήμεναι
702 2746 725 2785 υ
764 2723 840 2804 137,
877 2716 1042 2806 ἀρήμεναι
1080 2746 1098 2806 χ
1132 2721 1212 2805 322,
1248 2739 1377 2802 quorum

204 2825 239 2886 ad
255 2823 417 2902 analogiam
437 2817 614 2902 τιθήμεναι
639 2822 676 2882 Ψ
690 2821 741 2886 83.
760 2821 824 2886 247
840 2823 943 2884 lictum
962 2841 1028 2884 esse
1042 2822 1170 2884 videtur.
1187 2821 1231 2882 hd
1246 2831 1377 2883 veterem

205 2924 394 3001 graecitatem
414 2921 467 2982 has
487 2921 596 2982 lermas
616 2939 681 2982 esse
700 2921 881 2984 revocandas
896 2920 964 2980 inde
978 2927 1068 3002 patet,
1092 2921 1171 3001 quod
1191 2926 1222 2980 et
1238 2920 1378 2980 infinitivi

205 3021 375 3082 terminatio
395 3037 492 3098 μεναι
512 3026 542 3079 et
560 3037 633 3080 usus
653 3019 748 3082 dualis
762 3023 820 3082 iam
834 3018 956 3080 Homeri
975 3017 1161 3098 temporibus
1180 3019 1290 3078 sensim
1310 3016 1377 3076 abo-

204 3119 316 3179 lescere
333 3123 505 3195 coeperunt
536 3115 678 3178 Eiusdem
698 3126 797 3180 autem
813 3117 1020 3180 declinationis
1039 3125 1110 3178 sunt
1124 3115 1251 3177 aeolicae
1267 3115 1378 3176 turmae

204 3210 328 3297 κάλημι
342 3210 476 3294 (Sappho
493 3211 522 3293 1,
539 3210 605 3294 16),
618 3203 797 3295 ἀσυνέτημι
815 3211 890 3296 (hle.
908 3215 957 3296 18,
977 3211 1021 3296 1),
1040 3207 1221 3295 φορήμεθα
1235 3209 1311 3296 (Alc.
1328 3211 1379 3294 18,

205 3313 250 3394 4),
264 3315 381 3390 αένημι
396 3307 478 3390 (Hes.
494 3329 540 3390 op.
556 3308 645 3393 683),
660 3311 838 3390 quibuscum
854 3312 985 3392 Curtius,
1000 3311 1128 3372 Verbum
1144 3305 1170 3370 1¹
1185 3307 1259 3391 353,
1275 3309 1379 3370 latinas

206 3411 316 3470 laamas
349 3401 502 3466 ‘docemus
535 3407 643 3467 docent
671 3406 830 3470 docemini'
858 3410 935 3470 bene
963 3403 1140 3488 composuit.
1185 3408 1282 3487 Atque
1310 3405 1379 3468 reli-

206 3509 291 3587 quias
319 3504 384 3564 illas
412 3507 521 3564 veteris
550 3503 594 3564 vel
622 3504 749 3568 aeolicae
776 3507 894 3587 linguae
923 3527 1009 3569 nemo
1038 3527 1127 3568 sanus
1152 3505 1274 3568 Homeri
1296 3514 1378 3566 textu

207 3603 355 3683 expellere
375 3600 504 3681 audebit,
527 3601 598 3662 lieet
616 3603 695 3664 idem
713 3613 799 3683 poeta
818 3599 993 3684 προσηύδα
1013 3603 1113 3685 φοίτα
1132 3597 1218 3666 σύλα
1237 3595 1381 3676 ἀπειλεῖς
1457 3659 1461 3668 .

207 3694 370 3768 ἀπειλεῖτε
398 3695 531 3779 φορέεις
555 3695 740 3780 φορέουσιν
762 3694 900 3782 μοάοιεν
923 3702 1118 3764 πενθείετον
1143 3701 1248 3762 similia
1272 3701 1382 3760 dixerit

208 3809 237 3859 et
261 3797 370 3860 vocalis
394 3817 414 3875 η
439 3797 555 3857 illarum
580 3799 740 3859 lornrarum
764 3799 912 3878 quomodo
935 3800 1106 3879 explicanda
1127 3802 1174 3879 sit,
1198 3799 1381 3876 grammatici

207 3897 303 3958 adbuc
332 3895 456 3973 litigent.
504 3894 610 3956 Verum
638 3899 853 3959 inconstantiae
881 3900 994 3959 crimen
1023 3915 1128 3958 vereor
1155 3915 1192 3956 ne
1221 3898 1381 3976 incurram,

220 4027 422 4036 -—.--.-—-

299 4097 325 4162 1)
344 4093 516 4163 Theognidis
535 4095 592 4148 tres
610 4093 744 4149 infinitivi
762 4095 917 4166 praesentis
936 4094 1071 4166 temporis
1089 4094 1119 4148 in
1138 4112 1206 4164 εμεν
1225 4089 1336 4163 (ἐχέμεν
1355 4112 1382 4149 τ.

208 4185 269 4248 911,
288 4173 424 4245 ἀειδέμεν
443 4195 469 4230 v.
489 4181 550 4244 939,
568 4174 712 4244 πασχέμεν
730 4195 756 4232 v.
776 4178 856 4246 1009)
872 4193 968 4232 omnes
983 4179 1049 4230 ante
1065 4174 1191 4229 vocalem
1207 4175 1294 4244 positi
1308 4178 1382 4241 sunt,

207 4259 255 4312 sed
278 4256 386 4326 primus
410 4256 439 4308 in
464 4255 517 4310 line
541 4253 667 4322 distichi,
690 4273 744 4324 quo
768 4255 831 4311 loco
854 4253 959 4312 vo'ealis
978 4254 1045 4309 elidi
1064 4272 1120 4309 non
1138 4254 1240 4324 potuit.
1277 4255 1382 4310 Fraudi

208 4341 302 4394 autem
322 4335 469 4406 rhapsodis
493 4335 539 4388 vel
557 4333 650 4403 poetis
668 4335 755 4404 epicis
773 4336 863 4391 forma
886 4333 1041 4390 πεσέεσθαι
1067 4340 1155 4389 1285.
1179 4339 1215 4388 M
1235 4341 1294 4390 107.
1323 4341 1382 4402 196,

211 4420 305 4470 Potiu
330 4414 561 4480 succendetur,
584 4417 617 4468 ut
638 4412 751 4470 πεσέειν
776 4419 797 4469 Ζ
821 4421 863 4471 91.
887 4421 948 4470 907.
975 4416 1005 4467 Ψ
1023 4418 1074 4468 596
1094 4431 1150 4468 uon
1176 4417 1269 4469 minus
1297 4431 1382 4484 quam

210 4496 366 4551 πεσέεσθαι
385 4494 441 4548 dici
461 4509 544 4563 posse
562 4497 701 4562 putarent.

1118 4583 1170 4637 10ΙΙΙ
