3280 5104
650 414 868 479 ..gg-

173 579 244 640 licet
272 581 359 639 etiam
384 579 507 639 seorsim
531 578 643 638 cantari
667 579 832 657 potuerint,
861 586 957 637 tamen
981 579 1020 637 ita
1044 577 1185 659 deinceps
1210 593 1241 635 se
1266 581 1343 640 eroi-

174 682 274 758 piunt,
301 684 336 737 ut
363 676 437 736 ordo
466 693 568 736 eorum
597 674 678 737 nullo
703 675 788 735 modo
812 677 919 735 inverti
944 677 1038 753 possit
1061 685 1090 737 et
1113 687 1200 756 poeta
1224 677 1260 737 ab
1284 695 1344 738 uno

174 775 210 836 ad
243 775 368 836 alterurn
402 783 430 834 et
464 793 532 834 curn
564 781 707 852 pangeret
738 791 771 832 ea
805 781 835 833 et
867 791 935 833 cum
968 776 1107 834 recitaret
1137 776 1252 836 delatus
1279 793 1345 834 esse

175 865 353 954 rideatur.¹)
399 871 508 933 Eadem
546 880 643 932 tamen
681 890 739 931 non
777 880 944 951 separatum
978 891 1080 950 poema
1113 874 1261 955 effecisse,
1294 871 1346 931 sed

152 979 291 1048 'partem
322 969 419 1030 lliadis
447 988 607 1048 numquam
636 989 694 1031 non
724 971 828 1049 luisse,
856 969 925 1029 inde
954 972 1147 1048 perspicuum
1175 978 1234 1052 esi,
1267 968 1345 1049 quod

177 1086 274 1147 neque
302 1067 430 1130 Achilles
462 1067 552 1128 rebus
585 1070 615 1127 in
648 1071 685 1128 iis
718 1069 844 1128 narratis
877 1069 1002 1127 interest
1032 1075 1062 1127 et
1090 1069 1229 1129 secundis
1256 1067 1347 1127 rebus

176 1166 355 1226 Achivorum
372 1166 420 1226 nis
434 1165 616 1226 carminibus
631 1164 785 1226 illustratis
799 1163 939 1224 adversae
953 1183 1003 1226 res
1017 1162 1102 1226 lib'ris
1117 1167 1228 1227 Λ-Σ
1240 1165 1348 1226 relatae

178 1273 326 1342 tamquam
355 1282 447 1343 aequa
475 1263 557 1324 lance
581 1270 787 1341 repensantur.
834 1261 907 1322 Fere
932 1264 1057 1323 eundem
1082 1266 1172 1342 igitur
1195 1264 1292 1324 locum
1318 1262 1348 1321 bi

178 1360 244 1421 libri
260 1361 396 1421 obtinent
411 1368 499 1440 atque
515 1366 656 1438 quattuor
670 1358 736 1418 libri
752 1358 901 1438 Odysseae
916 1379 937 1419 α
951 1359 1007 1439 dy
1026 1357 1055 1439 d,
1075 1362 1126 1439 qui
1141 1368 1171 1421 et
1184 1361 1242 1439 ipsi
1256 1377 1348 1437 paene

177 1459 327 1537 peculiare
346 1477 451 1538 poema
464 1456 667 1518 Telemncbiae
686 1457 828 1536 efficiunt,
847 1456 899 1516 sed
919 1457 987 1516 inde
1006 1457 1042 1518 ab
1056 1459 1151 1538 initio,
1168 1459 1213 1518 uti
1228 1459 1349 1517 vetusti-

178 1557 281 1617 oribus
297 1557 381 1617 libris
391 1555 539 1634 Odysseae
554 1556 817 1632 praemitterentur
831 1562 861 1614 et
876 1556 1089 1636 internecentur,
1103 1555 1243 1616 destinati
1257 1563 1362 1615 eraut·

262 1663 282 1740 ς
304 1660 357 1723 41.
395 1661 491 1722 Etiam
515 1663 626 1720 arctius
650 1661 780 1720 carmina
800 1657 932 1721 20-23
957 1663 1034 1722 inter
1058 1681 1089 1722 se
1115 1664 1156 1722 ita
1181 1660 1351 1739 cohaerent,

174 1770 205 1822 ut
234 1760 427 1821 fundamento
456 1758 526 1819 libri
550 1758 700 1818 undecimi
723 1756 860 1817 similiter
883 1765 972 1837 atquc
996 1763 1128 1822 carmina
1154 1755 1264 1820 3-10
1287 1757 1350 1816 iun-

174 1859 313 1920 damento
336 1858 424 1935 primi
448 1855 517 1917 libri
542 1861 671 1915 utantur.
718 1854 881 1916 Commune
905 1856 963 1918 illis
988 1866 1047 1938 est,
1071 1857 1151 1937 quod
1175 1859 1205 1914 in
1230 1853 1352 1932 proeliis

174 1959 253 2016 circa
288 1958 403 2016 moenia
434 1963 601 2016 castrorum
634 1959 665 2012 et
692 1971 807 2031 puppes
836 1957 953 2015 navium
983 1953 1167 2015 illustrandis
1196 1959 1351 2011 versantur

176 2057 275 2114 omnia
295 2062 326 2113 et
343 2052 446 2113 laudes
465 2053 561 2112 Aiacis
581 2058 611 2110 et
630 2052 778 2110 minorum
799 2053 968 2130 principum
990 2051 1169 2112 Achivorum
1188 2047 1352 2108 Menesthei

176 2152 376 2228 Atheniensis,
392 2147 517 2209 Pirithoi
533 2156 562 2207 et
577 2147 752 2228 Polypoetes
768 2147 969 2229 Lapitharum,
989 2149 1140 2210 ldomeuei
1160 2154 1190 2207 et
1203 2145 1352 2207 Merionac
1373 2151 1376 2158 '

178 2249 313 2326 Cretum,
342 2245 461 2306 Penelei
485 2245 603 2326 boeoti,
625 2246 735 2306 Teucri
759 2243 859 2326 Locri,
884 2245 1037 2325 Ascalaphi
1065 2245 1256 2307 Orchomenii
1284 2261 1353 2303 con·

179 2349 281 2406 tinent.
329 2342 422 2404 Aliter
452 2345 540 2404 etiam
569 2351 656 2422 atque
686 2345 715 2402 in
744 2341 820 2402 libro
851 2343 1008 2405 undecimo
1039 2347 1068 2406 Λ
1087 2339 1219 2405 56-60
1244 2342 1352 2401 lactum

178 2444 362 2522 accepimus,
390 2439 510 2500 Troiani
539 2449 569 2500 et
597 2443 627 2500 in
655 2441 740 2500 initio
768 2439 857 2501 hirtus
885 2441 986 2520 epyllii
1013 2443 1057 2505 M
1080 2435 1233 2502 86-102
1262 2447 1293 2498 et
1322 2439 1353 2497 iu

180 2538 375 2620 sequentibus
405 2537 540 2617 partibus
570 2538 605 2596 N
628 2533 814 2598 489-490.
844 2535 1028 2602 790-792.
1056 2535 1086 2608 Ξ
1111 2531 1296 2598 513—515.
1326 2535 1355 2594 0

178 2634 357 2700 sea—442
381 2634 533 2696 distributi
556 2641 586 2693 et
609 2637 687 2694 circa
708 2635 799 2696 duces
818 2653 889 2696 suos
909 2636 1076 2716 conglobati
1095 2641 1173 2712 sunt,
1197 2635 1236 2692 ita
1257 2641 1354 2692 mmcn

180 2744 214 2795 ut
241 2737 294 2814 qui
319 2735 386 2794 novi
410 2733 642 2794 introducuntur
666 2732 798 2812 quinque
822 2734 961 2796 ordinum
985 2736 1076 2796 duces
1099 2733 1244 2813 plerique,
1268 2731 1355 2789 Asius

182 2832 342 2893 Alcathous
378 2830 509 2891 Helenus
546 2828 717 2908 Deiphobus
754 2830 971 2912 Archelochus,
1014 2835 1105 2894 occisi
1147 2843 1266 2907 quoque
1304 2834 1355 2887 aut

182 2930 328 2991 vulnerati
361 2930 390 2988 in
422 2928 470 2988 his
502 2927 684 2989 carminibus
718 2936 886 2989 narrentur.
933 2927 1034 2999 Ouid?
1067 2930 1144 3009 quod
1179 2925 1242 2984 Asii
1274 2941 1356 2984 mors

184 3135 335 3203 Achilleus,
354 3134 564 3204 Rastenburger
577 3135 740 3204 Programm
755 3137 835 3206 1883)
855 3137 1041 3205 separandum
1056 3153 1115 3191 esse
1131 3138 1270 3206 duximus,
1290 3137 1358 3207 quia

183 3216 300 3270 alteram
325 3230 448 3282 pugnam
472 3214 643 3283 singularem
662 3213 790 3268 Hectoris
815 3217 844 3268 et
863 3215 957 3269 Aiacis
981 3215 1010 3269 in
1034 3217 1133 3271 eodem
1157 3217 1278 3288 epyllio,
1301 3235 1356 3288 quo

184 3295 292 3350 Paridis
310 3296 341 3348 et
354 3292 475 3348 Menelai
493 3311 616 3363 pugnam
636 3294 666 3348 et
679 3292 862 3348 Troianorum
882 3293 1027 3362 perfidiam
1046 3299 1218 3364 narraverat,
1238 3298 1357 3352 eundem

185 3378 298 3444 poetam
317 3374 448 3428 continno
467 3372 579 3427 finxisse
596 3390 695 3442 parum
715 3373 861 3442 probabile
881 3377 932 3428 est.
962 3375 1111 3428 Praeterea
1128 3375 1230 3431 librum
1247 3379 1355 3433 sextum

185 3453 332 3523 quominus
341 3452 474 3507 continuo
485 3468 547 3505 cum
558 3452 656 3518 quinto
666 3452 850 3521 compositum
861 3455 890 3508 et
900 3452 965 3507 inde
976 3453 1011 3506 ab
1020 3453 1103 3508 initio
1112 3459 1223 3524 partem
1232 3455 1357 3510 eiusdem

186 3532 322 3604 opopoiae
353 3529 439 3584 fuisse
471 3531 631 3597 credamus,
663 3530 822 3600 impediunt
853 3533 883 3585 et
909 3533 1052 3588 Diomedis
1080 3536 1213 3590 adversus
1241 3535 1358 3589 numina

185 3615 300 3667 deorum
319 3609 446 3665 disemus
465 3611 574 3665 animos
593 3610 638 3679 (cf.
658 3612 734 3679 52⁷)
753 3613 782 3664 et
795 3610 894 3666 Olauci
908 3612 1112 3683 Lyciorumqna
1131 3615 1358 3671 meridionalium

185 3695 286 3762 partes,
305 3707 475 3760 quemqnam
493 3691 523 3744 in
542 3691 595 3745 hoo
613 3688 685 3743 libro
705 3689 796 3758 primo
808 3691 944 3746 Glaucum
960 3691 1056 3748 lliadis
1069 3694 1186 3763 proeliis
1199 3693 1358 3748 immixtum

186 3788 245 3826 esse
265 3771 357 3826 oratio
375 3769 521 3825 Diomedis
540 3773 560 3823 Z
580 3775 631 3823 124
655 3771 751 3838 aperte
776 3771 902 3826 declarat
919 3789 1010 3841 neque
1029 3773 1082 3828 hoc
1102 3775 1138 3827 ab
1157 3771 1254 3830 eodem
1273 3775 1359 3841 poeta

185 3853 244 3906 fieri
267 3851 393 3920 potuisse
418 3850 576 3919 praefracte
600 3850 734 3918 negarim.
771 3849 887 3904 Librum
906 3853 999 3906 autem
1019 3852 1179 3921 secundum,
1199 3851 1244 3906 vel
1263 3851 1359 3920 potins

186 3947 297 3986 carmen
316 3929 431 3986 tertium
451 3946 514 3984 cnm
532 3927 612 3984 libris
633 3932 718 3982 Γ--Ε
736 3929 765 3982 in
783 3929 865 3984 unius
884 3931 1022 4000 poematis
1042 3948 1142 4002 corpus
1161 3930 1263 3985 arctius
1281 3929 1309 3983 in
1330 3949 1359 3985 se

187 4010 312 4066 conclusi
339 4025 440 4080 cogere
468 4026 524 4063 nou
554 4009 744 4064 dubitavimus
767 4011 864 4079 ntique
887 4013 995 4065 resecto
1019 4011 1133 4067 exordio
1155 4009 1222 4065 libri
1246 4011 1360 4064 secundi

188 4093 220 4157 (B
231 4092 340 4157 1-86),
354 4105 411 4158 qno
425 4088 547 4143 maxime
562 4089 734 4144 Duentaerus
748 4089 777 4144 in
793 4090 961 4146 contrariam
977 4088 1144 4148 sententiam
1159 4089 1295 4145 deductus
1310 4093 1359 4145 est.

278 4173 304 4238 1)
328 4167 427 4224 Oratio
457 4186 567 4238 quoque
594 4170 693 4224 horum
721 4167 871 4238 librorum,
894 4170 1033 4240 imprimis
1062 4170 1127 4224 libri
1154 4168 1247 4238 quinti
1274 4169 1362 4224 habet

188 4249 326 4319 quaedam
345 4249 508 4318 peculiaria,
526 4248 606 4304 velut
624 4249 697 4317 quod
713 4248 806 4303 Venus
825 4247 856 4302 in
875 4249 935 4303 solo
954 4249 1027 4302 libro
1047 4249 1145 4316 quinto
1165 4250 1201 4317 (E
1218 4253 1279 4302 422.
1299 4255 1361 4304 458.

190 4335 248 4384 itio.
268 4332 332 4398 883)
356 4331 386 4384 ct
407 4329 437 4384 iu
460 4329 564 4398 hymno
583 4329 699 4383 Veneris
723 4329 835 4384 nomino
855 4323 1000 4395 Κύπριδος
1018 4327 1169 4396 insignitur
1188 4327 1362 4384 etblinerva

189 4409 217 4462 in
240 4408 309 4464 solis
334 4408 462 4464 versibus
485 4414 511 4463 Δ
530 4413 547 4463 8
566 4410 595 4462 et
613 4411 637 4462 E
656 4413 708 4464 908
724 4403 933 4476 Ἀλαλκομενηίς
956 4405 1049 4474 audit;
1073 4407 1121 4461 sed
1144 4407 1215 4463 baec
1235 4409 1361 4466 sulficere

189 4505 261 4558 nego
281 4489 318 4544 ad
337 4488 461 4542 carusius
480 4505 630 4557 eorumque
650 4490 777 4542 auctores
796 4485 975 4556 separandos.

1108 4574 1148 4628 6*
