3280 5104
650 403 887 466 -111-

261 560 440 647 ’Ἁσβεστος
458 557 490 626 δ’
513 557 567 647 ἄρ’
590 560 714 644 ἐνῶρτο
733 561 837 643 γέλως
855 557 1037 646 μακάρεσσι
1056 566 1190 626 θεοῖσιν
1209 559 1257 650 (A
1275 565 1352 630 599.

179 659 323 746 e326);
346 660 443 743 γίλος
469 664 526 724 Ιιοο
549 681 637 724 versu
662 669 693 722 et
715 657 815 740 μέλον
838 663 869 721 in
893 660 1022 741 Odyssea
1046 682 1068 722 v
1091 659 1119 722 8.
1144 660 1218 725 346.
1241 679 1262 726 σ
1285 664 1352 728 350

179 764 215 824 ad
244 762 408 841 analogiam
436 761 526 823 dativi
553 757 637 845 γέλῳ
667 774 688 821 σ
717 757 781 820 100
808 769 839 821 et
866 761 1026 820 accusativi
1054 758 1132 839 έρον
1160 765 1192 822 A
1219 761 1294 824 469.
1322 765 1351 824 Β

178 859 245 923 432
269 860 488 922 restituendum
511 877 577 920 esse
598 857 749 919 Bentleius
773 857 925 918 intellexit,
962 856 1019 927 Oui
1041 858 1192 920 adversari
1215 861 1353 922 ridentur

179 979 285 1020 versus
308 962 335 1020 Β
358 955 424 1020 343
447 977 510 1037 sqq.
535 957 695 1017 recentiori
718 963 822 1035 poetae
846 955 1001 1016 debentur.

271 1059 320 1119 At
338 1051 397 1118 κέν
419 1075 488 1128 πως
510 1045 630 1134 ύρνῶν
652 1053 768 1134 κνίσης
791 1051 897 1134 αίγῶν
920 1073 954 1115 τε
977 1054 1112 1117 τελείων

268 1147 425 1234 βούλεται
449 1145 608 1226 ἀντιάσας
630 1142 711 1232 ἡμῖν
734 1143 799 1212 ἀπὸ
824 1144 941 1231 λοιγὸν
963 1143 1090 1233 ἀμύναι
1117 1147 1163 1235 (A
1187 1151 1253 1230 67).
1284 1177 1289 1186 ·

178 1255 301 1314 Curtius
321 1251 406 1312 Varla.
430 1249 517 1310 1172
541 1251 762 1310 coniunctirnm
786 1241 919 1329 βούλετ’
945 1253 1076 1312 restituit
1104 1260 1134 1311 et
1162 1251 1298 1312 similiter
1322 1253 1350 1312 Β

179 1348 247 1412 232
276 1341 389 1430 μίσγη’
423 1344 460 1410 έν
487 1339 640 1428 φιλότητι
668 1354 700 1406 et
725 1341 894 1430 καταΐσχη’
926 1340 1006 1410 οὐδὲ
1030 1347 1137 1412 έοικεν
1161 1349 1352 1411 scribendum
1392 1399 1393 1404 ,

180 1468 247 1508 esse
271 1449 388 1508 monuit
411 1465 466 1526 pro
489 1444 621 1526 μίσγεαι
645 1439 683 1505 έν
705 1453 736 1505 et
757 1445 948 1528 καταΐσχεαι
972 1438 1061 1512 vote.

268 1536 354 1606 Ἀλλ’
381 1536 426 1618 ὥς
448 1564 482 1605 τε
505 1535 609 1622 στήλη
632 1537 724 1622 μένει
748 1541 907 1624 ἔμπεδον,
930 1536 952 1625 η’
974 1535 1005 1606 τ’
1032 1539 1083 1607 lael
1106 1537 1220 1630 τύμβῳ

252 1635 390 1723 ,ύνέρος
412 1635 539 1722 ἑστήκει
562 1633 747 1720 τεθνηότος
769 1632 989 1721 ηέ“γοναικύς
1014 1638 1058 1724 (Ρ
1076 1637 1173 1728 435)·

182 1734 303 1824 ἑστήκη
332 1743 553 1802 coniunctivom
582 1737 697 1818 legibus
724 1743 933 1818 grammaticae
962 1744 1076 1821 requiri
1099 1742 1200 1802 docuit
1223 1741 1257 1803 G.
1280 1741 1353 1802 ller-

182 1837 323 1919 manuus,
369 1840 405 1900 de
445 1837 561 1918 legibus
602 1835 779 1916 quibusdam
821 1837 1026 1900 subtilioribus
1064 1842 1210 1900 sermonis
1247 1839 1354 1902 lionae-

182 1940 238 1998 riei
275 1937 299 1996 ll
338 1935 372 2017 6;
411 1936 499 1998 simili
535 1935 571 1995 de
612 1951 699 1994 oausa
738 1934 891 1996 Beklrerus
928 1935 1080 1997 Nauolrius
1117 1936 1246 1998 Cobotus
1284 1957 1352 1998 eon-

183 2037 330 2096 iuootiros
358 2026 470 2116 ὀρύρη
494 2035 531 2094 Π
551 2029 616 2094 633
644 2049 699 2110 pro
723 2022 843 2113 ὀρύρει
871 2032 916 2093 rel
941 2024 1085 2113 ὄρωρεν,
1114 2025 1228 2116 ύνύγη
1252 2035 1290 2096 H
1312 2031 1354 2096 74

183 2153 236 2212 pro
260 2124 400 2212 ἀνοίγει,
425 2124 544 2212 δοκεύη
568 2131 597 2190 Θ
620 2127 685 2190 340
708 2147 763 2208 pro
787 2123 932 2206 δοκεύει,
956 2121 1011 2191 ὅτε
1034 2130 1202 2212 φρίσσωσι
1229 2131 1266 2192 Ψ
1287 2127 1353 2194 599
1453 2131 1456 2138 “

183 2249 238 2310 pro
262 2221 317 2292 ὅτε
340 2227 537 2311 φρίσσουσι,
561 2220 724 2307 ἑλκησωσι
748 2227 778 2286 Ρ
791 2223 856 2288 558
881 2245 935 2306 pro
959 2220 1148 2307 έλκήσουσι,
1171 2228 1354 2312 σκαίρωσιν

185 2327 218 2388 K
238 2325 305 2388 412
332 2345 388 2406 pro
415 2326 628 2406 σκαίρουσιν,
656 2317 899 2388 ἐπεντύνονται
923 2343 950 2386 ω
969 2315 1017 2387 Ι89
1040 2345 1095 2408 pro
1119 2319 1355 2390 ἐπεντύνονται

186 2425 387 2487 restituendos
411 2443 476 2485 esse
501 2429 690 2484 censuerunt

269 2512 475 2605 Τρεϊςγύρτ’
484 2511 666 2601 ἐκΚρόνον
675 2511 767 2599 εἰμὲν
776 2510 944 2600 ἀδελφεοί,
955 2510 1015 2593 οὓς
1025 2517 1134 2584 τέκετο
1144 2511 1354 2605 Ῥέα(018ἵ)

185 2621 365 2701 Corruptum
393 2639 459 2682 esse
488 2618 586 2679 loonm
614 2619 779 2678 oontraotio
806 2616 932 2678 duarum
961 2617 1105 2679 vocalium
1136 2622 1264 2680 nominis
1282 2610 1356 2680 Ῥέα

185 2721 306 2780 minime
344 2718 464 2779 lerenda
502 2718 676 2794 praesertim
714 2718 745 2776 in
778 2714 906 2777 Homero
938 2725 1040 2794 aperte
1073 2717 1173 2797 ‹locet3
1211 2718 1355 2795 originem

184 2827 283 2877 auteur
307 2814 494 2894 corruptelae
518 2832 554 2873 ex
578 2815 727 2892 scriptura
747 2813 835 2873 PEA
864 2813 935 2873 lalso
964 2816 1143 2893 transcripta
1162 2816 1356 2894 repetendam

185 2925 215 2974 et
239 2911 311 2976 τέκε
335 2913 413 2975 Ρεία
437 2911 646 2991 corrigendum
671 2929 736 2971 esse
760 2911 867 2971 iodioo.

274 3001 427 3092 ύμηστης
450 3010 480 3070 A
500 3005 576 3070 454.
599 3009 631 3068 Χ
646 3005 698 3069 67.
721 3008 754 3069 Ω
773 3006 824 3070 82.
849 3007 928 3090 2073
951 2999 1099 3091 ύμεσκης
1121 3029 1198 3072 οοττ.
1219 3010 1357 3071 Wacker-

185 3109 328 3190 nagelius.

274 3199 464 3288 Μηκιστέος
496 3197 571 3278 υἱός
602 3206 630 3265 Β
662 3201 738 3266 565.
774 3204 811 3262 Ψ
836 3200 916 3284 6783
947 3202 1142 3285 Μηκιστῆος
1172 3199 1248 3280 υίός
1279 3225 1357 3268 corr.

187 3305 348 3367 Bellerus.

276 3399 407 3483 Πηλέος
434 3395 508 3476 υίός
530 3403 562 3463 A
584 3397 659 3462 489.
687 3399 717 3460 Τ
735 3395 815 3479 216;
839 3397 976 3479 Πηλῆος
997 3392 1073 3474 υἱός
1096 3419 1172 3462 corr.
1196 3401 1358 3464 Bekkerus.

262 3543 457 3632 ’Ἀλλ’ἔβοιλ’
468 3544 543 3644 ἐνθ’
553 3543 618 3634 ἄρα
626 3571 660 3613 τε
668 3548 788 3630 φρένες
796 3541 1020 3632 ἔρχαταιύμηί
1029 3542 1150 3614 ἀδινὸν
1158 3548 1275 3635 κῆρ(Π
1280 3551 1359 3630 481)

187 3698 309 3759 Tradita
340 3697 434 3756 torma
467 3693 599 3776 ἔρχαται
629 3713 687 3754 non
718 3695 810 3772 magis
838 3709 925 3771 qnam
954 3691 1071 3774 ἔρχατο
1100 3694 1129 3754 P
1152 3691 1225 3755 354.
1254 3715 1265 3754 ι
1294 3691 1357 3755 221

187 3797 260 3857 ierri
282 3803 389 3874 potest,
412 3793 559 3872 siqnidem
578 3793 744 3872 perlectum
763 3789 996 3886 reduplieatiooe
1016 3789 1061 3852 vel
1080 3801 1238 3870 augmento
1257 3809 1360 3852 carere

188 3895 306 3972 neqnit3
335 3911 391 3971 qua
420 3889 456 3950 de
485 3909 572 3951 cansa
601 3892 830 3970 transcriptione
859 3891 969 3950 veteris
991 3889 1174 3951 litteraturae
1206 3891 1359 3952 emendata

190 3993 338 4072 είρχαται
371 3991 492 4068 scripsi,
521 3989 599 4067 quod
629 4005 665 4048 ex
696 3984 891 4071 ίεέέρχαται
919 3987 1008 4048 simili
1035 3988 1122 4049 modo
1151 4001 1239 4068 atque
1267 3979 1360 4050 εἶδον
1471 4034 1477 4043 .

189 4108 226 4148 ex
250 4086 366 4149 έίιδον
391 4096 421 4147 et
443 4080 573 4165 είμένος
596 4105 631 4145 ex
654 4081 853 4166 έείεσμένος
876 4097 907 4148 et
930 4079 1080 4166 εἰρύαται
1104 4105 1140 4146 ex
1163 4079 1360 4168 ίείερύαται

189 4196 290 4248 ortum
313 4203 379 4245 esse
403 4184 488 4244 duco.

279 4275 415 4369 ᾤκηθεν
438 4282 466 4341 Β
493 4279 558 4342 668
587 4301 624 4342 ex
650 4281 829 4362 ίοίκηθεν,
860 4275 983 4363 ἥλκησε
1010 4281 1029 4342 λ
1056 4279 1123 4344 580
1150 4301 1185 4342 ex
1213 4277 1361 4363 ίέλκησε,

192 4375 285 4468 ἐῴκει
309 4381 344 4442 Ω
366 4379 439 4442 258.
463 4377 528 4441 630
552 4399 588 4440 ex
611 4380 771 4460 ίείοίκει,
795 4375 961 4460 εἰργάζετο
984 4401 1005 4460 y
1028 4375 1094 4442 435
1117 4399 1152 4441 er
1175 4375 1362 4462 ίεργιὲζετο,

190 4472 274 4560 ᾔδεα
298 4497 333 4540 ex
357 4475 470 4540 ίείδεα
496 4477 539 4538 rel
564 4474 692 4540 έίείδεα
716 4487 780 4540 orta
804 4497 870 4540 esse
893 4478 1005 4540 dudtrm
1029 4481 1084 4540 viri
1108 4481 1189 4542 docti
1212 4481 1362 4542 intellexe-
