3276 5090
774 409 989 474 ..34-

298 583 402 638 auctor
429 577 493 636 eius
521 573 593 634 alios
621 571 702 634 locos
729 571 838 634 multos
862 579 950 652 atque
973 571 1019 632 vel
1042 573 1277 651 recentissimos,
1304 579 1340 632 ut
1361 572 1391 632 B
1416 569 1468 633 81.

299 675 328 734 Λ
357 670 429 736 669.
466 673 503 734 Ψ
532 669 596 733 378
620 689 684 751 sqq.
711 664 762 754 (ct.
791 671 824 731 Ω
853 668 927 732 222.
956 667 1029 731 359.
1058 665 1120 731 591
1147 665 1225 752 sqq.)
1252 670 1385 731 imitatus
1413 676 1468 749 est,

298 789 475 852 quamquam
498 777 560 831 arte
579 788 654 830 nova
672 769 842 855 inveniendi
860 771 1032 846 animosque
1051 767 1180 828 ducendi
1198 769 1320 829 minime
1338 761 1468 850 caruit¹)

297 878 327 930 et
358 871 389 929 in
421 869 594 930 imitationis
625 867 769 947 exemplis
800 866 973 944 indagandis
1000 864 1256 946 Peppmuellerus,
1288 868 1468 927 novissimus

296 970 361 1029 eius
388 967 497 1046 editor,
527 968 607 1028 iusto
634 967 767 1044 argutior
795 965 859 1043 ipit.
904 962 1015 1024 Deinde
1045 963 1175 1024 elocutio
1202 971 1243 1024 et'
1261 972 1348 1025 tenor
1377 964 1468 1024 huius

295 1065 366 1126 libri
384 1073 443 1126 tam
466 1062 572 1124 similia
596 1061 744 1142 Odysseae
768 1069 852 1142 sunt,
876 1069 909 1122 ut
932 1080 1019 1141 saepe
1043 1061 1187 1142 ambigas,
1211 1069 1312 1122 uuum
1335 1062 1466 1142 Odyssea

296 1181 331 1224 ex
359 1162 416 1223 hoc
445 1161 522 1221 libro
550 1179 587 1220 an
615 1159 663 1220 hic
692 1159 767 1219 liber
795 1177 831 1220 ex
854 1158 984 1238 Odyssea
1012 1159 1127 1220 colores
1151 1161 1278 1221 duxerit.
1324 1160 1374 1220 Sic
1397 1179 1466 1220 cum

295 1277 419 1323 munere
442 1259 540 1320 nuntii
563 1257 687 1318 deorsam
710 1259 741 1317 in
764 1265 864 1318 vetere
889 1255 979 1318 lliade
1002 1256 1070 1335 Iris,
1094 1257 1261 1319 Mercurius
1285 1259 1315 1317 in
1334 1257 1466 1337 Odyssea

297 1360 449 1438 iungatur,
482 1359 513 1417 in
543 1355 599 1416 hoc
627 1355 703 1415 libro
730 1353 787 1414 lris
817 1354 853 1415 ad
883 1355 1090 1416 arcessendam
1118 1355 1227 1416 Thetin
1258 1365 1287 1416 et
1315 1355 1466 1416 Priamum

296 1454 542 1518 commovendum
564 1471 581 1514 a
603 1453 671 1514 love
694 1454 836 1532 mittitur,
865 1451 1031 1513 Mercurius
1054 1452 1130 1524 lovis
1152 1455 1238 1514 iussu
1261 1451 1410 1516 Priamum
1434 1458 1465 1516 in

296 1560 392 1613 eastra
425 1550 604 1612 Achivorum
636 1549 765 1611 deducit.
812 1548 953 1611 Similiter
980 1550 1168 1612 hemistichia
1195 1544 1300 1612 νύκτα
1329 1543 1374 1613 δι’
1404 1543 1466 1632 ἆμ-

295 1650 437 1730 βροσίην
465 1649 498 1709 Ω
525 1645 605 1727 363,
631 1645 726 1710 θεῶν
755 1645 790 1708 ol
805 1638 976 1726 Ὄλυμπον
1004 1645 1118 1728 έχουσι
1145 1648 1179 1708 Ω
1205 1646 1269 1709 427
1278 1641 1317 1732 8),
1349 1641 1469 1728 κτέρεα

294 1747 480 1831 κτερίσειαν
502 1747 535 1809 Ω
559 1744 615 1828 38,
642 1736 840 1817 ὑπνώοντας
867 1739 986 1826 ἐγείρει
1013 1746 1047 1806 Ω
1069 1743 1147 1826 244,
1174 1737 1340 1825 ἀλήθειαν
1367 1739 1466 1807 κατά-

294 1842 390 1923 λεξον
418 1846 451 1907 Ω
477 1841 556 1926 407,
584 1835 689 1924 ἀνέβη
716 1834 800 1923 πρὸς
831 1835 962 1924 μακρὸν
980 1835 1150 1923 Ὄλυμπον
1177 1844 1211 1904 Ω
1237 1842 1303 1906 468
1332 1853 1362 1905 et
1390 1843 1466 1926 694,

292 1930 377 2027 ἦμος
399 1933 568 2025 ἠριγένεια
590 1933 681 2023 φάνη
705 1933 953 2022 ῥοδοδάκτυλος
974 1931 1043 2021 ἠώς
1060 1941 1093 2002 Ω
1113 1939 1175 2003 788
1195 1949 1228 2003 ut
1251 1944 1281 2002 in
1301 1941 1390 2002 iliade
1414 1952 1467 2004 aut

293 2060 441 2122 nusquam
459 2049 510 2102 aut
528 2042 559 2101 iu
579 2041 727 2118 suspectis
741 2046 856 2100 mutum
871 2037 1005 2116 partibus
1019 2040 1221 2118 inveniuntur,
1236 2041 1276 2100 ita
1292 2041 1466 2120 frequenter

293 2143 324 2200 in
339 2140 469 2220 Odyssea
488 2145 660 2199 occurrunt.
690 2136 823 2216 Denique
843 2135 945 2197 orbem
965 2155 1084 2216 quoque
1104 2136 1270 2198 tabularum
1288 2135 1464 2199 Troicarum

293 2255 342 2318 eo,
376 2255 434 2316 quo
460 2236 509 2297 hic
537 2235 612 2296 liher
640 2236 823 2312 compositus
852 2241 910 2313 est,
943 2241 1077 2312 tempore
1105 2236 1199 2314 magis
1226 2253 1314 2314 quam
1342 2235 1466 2296 Homeri
1557 2223 1568 2238 ⁶

292 2342 387 2396 aetate
424 2331 575 2395 excultum
614 2333 706 2392 luisse
745 2333 949 2392 demonstrare
982 2332 1120 2393 videntur
1152 2351 1256 2393 versus
1289 2333 1323 2393 Ω
1356 2331 1465 2414 6-9,

294 2429 435 2510 att-30,
460 2427 537 2511 7653
560 2437 590 2490 at
612 2429 719 2491 horum
743 2430 875 2490 locorum
899 2428 974 2490 duos
997 2432 1113 2508 priores
1137 2433 1242 2491 merito
1261 2433 1319 2491 iarn
1337 2432 1465 2492 Aristar·

293 2531 368 2593 chus
391 2530 548 2612 damnavit,
571 2537 601 2589 et
624 2531 731 2588 tertius
753 2529 785 2587 in
809 2526 984 2605 interpolata
1009 2535 1091 2606 parte
1109 2527 1188 2609 libri,
1212 2536 1245 2588 ut
1264 2547 1354 2610 supra
1372 2549 1400 2608 p.
1420 2528 1463 2590 27

292 2630 394 2710 docui,
422 2636 525 2689 exstat.
576 2625 676 2686 Altera
703 2644 739 2686 ex
766 2634 850 2704 parte
878 2625 935 2685 hoo
962 2625 1038 2685 libro
1068 2626 1170 2686 ultimo
1199 2626 1345 2687 tumultus
1373 2630 1465 2687 animi

292 2727 407 2789 bellicis
433 2724 567 2785 cladibus
595 2725 715 2783 excitati
741 2722 893 2801 praeclare
925 2722 1067 2783 sedantur
1099 2730 1128 2783 et
1160 2726 1288 2803 tragicae
1319 2723 1465 2785 catharsis

292 2822 509 2885 nobilissimum
542 2819 709 2899 exemplum
741 2815 960 2904 proposituri)
1006 2820 1072 2881 Huc
1105 2821 1232 2902 accedit,
1265 2821 1343 2900 qrrod
1376 2831 1465 2901 poeta

292 2921 392 2982 Iliadis
419 2937 483 2980 rem
510 2919 551 2978 ita
579 2919 721 2997 instituit,
749 2925 784 2979 ut
806 2935 939 3000 carmen,
967 2936 1026 2997 quo
1050 2917 1187 2979 Hectoris
1211 2937 1321 2998 corpus
1344 2919 1464 2980 Priamo

291 3018 376 3080 reddi
408 3027 438 3077 et
470 3017 566 3076 virum
599 3015 792 3075 fortissimum
825 3017 904 3076 iusto
935 3017 1040 3078 iuuere
1070 3017 1170 3078 ellerri
1200 3025 1351 3099 narretur,
1383 3017 1465 3078 ultro

292 3122 455 3193 exspectes.
502 3111 585 3172 Mitto
613 3115 644 3172 iu
676 3113 731 3172 hac
760 3131 792 3173 re
823 3111 920 3174 locum
952 3115 990 3174 ap
1012 3113 1209 3194 184-191,
1241 3123 1345 3194 utpote
1374 3133 1463 3194 quem

291 3213 398 3272 merito
417 3209 614 3290 Duentzerus,
633 3209 717 3270 llom.
737 3209 853 3270 Unters.
878 3231 905 3290 p.
921 3209 994 3292 329,
1014 3212 1168 3273 damnasse
1186 3212 1334 3292 videatur3
1359 3231 1463 3274 verum

292 3308 363 3388 quid
388 3310 508 3369 attinuit
522 3307 659 3368 ilectoris
678 3326 787 3387 corpus
802 3307 937 3369 Patroclo
955 3327 1015 3370 non
1034 3311 1171 3370 devoveri
1191 3327 1288 3390 neque
1307 3312 1338 3370 in
1357 3311 1463 3371 lunere

292 3408 356 3466 eius
379 3424 438 3466 una
463 3423 530 3465 cum
555 3405 711 3466 duodecim
734 3403 891 3466 iuvenibus
914 3405 1050 3467 Troianis
1073 3411 1270 3487 concremari,
1298 3410 1354 3468 nisi
1379 3407 1460 3468 aliud

291 3502 430 3583 quiddam
453 3505 511 3563 iam
535 3511 598 3563 tum
621 3511 708 3581 poeta
731 3504 828 3564 auimo
853 3501 1006 3564 volvebat?
1037 3504 1168 3583 Denique
1192 3512 1296 3565 auctor
1319 3523 1461 3566 versuum

290 3601 323 3662 Ω
351 3597 417 3661 350
449 3608 480 3659 et
508 3595 572 3661 693
602 3608 698 3679 aeque
730 3607 818 3680 atque
851 3609 955 3662 auctor
987 3605 1150 3661 carminum
1178 3597 1404 3670 assa—435
1432 3611 1463 3663 et

290 3699 319 3759 Θ
341 3695 407 3760 490
436 3707 466 3758 et
493 3695 559 3759 560
587 3697 798 3758 Scamandrum
827 3699 948 3759 lluvium
978 3700 1107 3761 medium
1135 3701 1214 3760 inter
1241 3698 1326 3761 llium
1355 3699 1461 3760 urbem

290 3805 320 3857 et
344 3805 439 3857 castra
463 3794 642 3856 Achivorum
665 3795 786 3856 lluxisse
810 3799 925 3875 statuit,
949 3805 1070 3857 etcum
1093 3804 1214 3858 auctore
1237 3799 1347 3876 prioris
1368 3799 1462 3876 partis

290 3936 502 3945 ——----.

379 4014 405 4082 t)
428 4010 547 4082 Egregie
566 4012 619 4066 huc
637 4011 813 4066 illustrarunt
830 4009 1001 4077 Welclrerus‚
1022 4013 1151 4082 Aeschyl.
1171 4011 1278 4082 Trilog.
1301 4030 1328 4081 p.
1348 4017 1409 4082 429,
1429 4017 1460 4067 et

290 4088 384 4146 Odofr.
403 4092 568 4160 Muellerus,
587 4091 686 4163 Gesch.
706 4091 756 4145 der
774 4091 883 4146 Oriech.
903 4091 970 4145 Litt.
988 4089 1001 4142 Ι
1020 4097 1052 4145 st
1072 4094 1102 4146 et
1119 4097 1162 4146 97.

378 4173 405 4240 9)
431 4171 534 4226 Versus
558 4174 583 4225 Ε
605 4175 671 4239 404,
695 4186 750 4239 quo
773 4170 869 4224 eedem
896 4170 1017 4226 elocutio
1040 4171 1174 4240 occurrit,
1197 4171 1291 4227 nescio
1315 4189 1351 4226 an
1373 4171 1461 4227 iuter·

288 4249 402 4318 polulus
421 4250 471 4317 sit;
490 4268 601 4306 versum
621 4253 716 4305 eutem
738 4253 763 4303 Τ
778 4256 829 4304 299
848 4250 1012 4320 interpolati
1031 4251 1163 4306 carminis
1182 4269 1243 4308 esse
1262 4270 1348 4324 supra
1366 4254 1456 4309 docui.

378 4332 405 4398 9)
424 4329 501 4385 Βοοο
520 4329 738 4400 Bsenmleiuius‚
757 4331 793 4385 de
811 4347 933 4400 compos.
953 4331 1048 4385 Iliadis
1067 4351 1094 4401 p.
1116 4337 1157 4401 10,
1177 4333 1281 4388 exitum
1300 4334 1349 4403 qui
1367 4334 1460 4404 magis

290 4412 426 4478 oongruut
439 4425 503 4464 eum
521 4427 555 4465 eu
574 4411 726 4480 sententia,
745 4427 801 4479 qua
815 4427 924 4464 summa
937 4411 1033 4466 llisdis
1048 4412 1218 4482 continetur,
1237 4411 1356 4468 inveniri
1376 4430 1459 4482 posse

288 4491 382 4560 negat
