<?xml version="1.0" encoding="UTF-8"?>
<!DOCTYPE html PUBLIC "-//W3C//DTD XHTML 1.0 Transitional//EN"
    "http://www.w3.org/TR/xhtml1/DTD/xhtml1-transitional.dtd">
<html xmlns="http://www.w3.org/1999/xhtml" xml:lang="en" lang="en">
 <head>
  <title>
</title>
<meta http-equiv="Content-Type" content="text/html;charset=utf-8" />
  <meta name='ocr-system' content='tesseract 3.04.00' />
  <meta name='ocr-capabilities' content='ocr_page ocr_carea ocr_par ocr_line ocrx_word'/>
</head>
<body>
  <div class='ocr_page' id='page_1' title='image "./homeriiliadisca01homegoog_0061.png"; bbox 0 0 3276 5090; ppageno 0'>
   <div class='ocr_carea' id='block_1_1' title="bbox 755 391 976 456">
    <p class='ocr_par' dir='ltr' id='par_1_1' title="bbox 755 391 976 456">
     <span class='ocr_line' id='line_1_1' title="bbox 755 391 976 456; baseline 0.023 -20"><span class='ocrx_word' id='word_1_1' title='bbox 755 391 976 456; x_wconf 77' lang='lat'>..50..</span> 
     </span>
    </p>
   </div>
   <div class='ocr_carea' id='block_1_2' title="bbox 267 551 1457 4525">
    <p class='ocr_par' dir='ltr' id='par_1_2' title="bbox 267 551 1457 4525">
     <span class='ocr_line' id='line_1_2' title="bbox 282 551 1453 636; baseline -0.001 -20"><span class='ocrx_word' id='word_1_2' title='bbox 282 559 308 616; x_wconf 92' lang='lat' dir='ltr'><strong>si</strong></span> <span class='ocrx_word' id='word_1_3' title='bbox 337 563 404 634; x_wconf 92' lang='lat' dir='ltr'><strong>post</strong></span> <span class='ocrx_word' id='word_1_4' title='bbox 432 562 570 634; x_wconf 91' lang='lat' dir='ltr'><strong>quartum</strong></span> <span class='ocrx_word' id='word_1_5' title='bbox 597 551 707 614; x_wconf 86' lang='lat' dir='ltr'><strong>librum</strong></span> <span class='ocrx_word' id='word_1_6' title='bbox 735 560 765 614; x_wconf 88' lang='lat' dir='ltr'><strong>et</strong></span> <span class='ocrx_word' id='word_1_7' title='bbox 792 556 918 633; x_wconf 82' lang='lat' dir='ltr'><strong>primam</strong></span> <span class='ocrx_word' id='word_1_8' title='bbox 946 565 1062 634; x_wconf 86' lang='lat' dir='ltr'><strong>partem</strong></span> <span class='ocrx_word' id='word_1_9' title='bbox 1090 559 1187 636; x_wconf 89' lang='lat' dir='ltr'><strong>quinti</strong></span> <span class='ocrx_word' id='word_1_10' title='bbox 1214 556 1283 616; x_wconf 91' lang='lat' dir='ltr'><strong>libri</strong></span> <span class='ocrx_word' id='word_1_11' title='bbox 1310 558 1453 617; x_wconf 86' lang='lat' dir='ltr'><strong>contiuuo</strong></span> 
     </span>
     <span class='ocr_line' id='line_1_3' title="bbox 282 649 1454 734; baseline 0.001 -22"><span class='ocrx_word' id='word_1_12' title='bbox 282 671 386 713; x_wconf 88' lang='lat' dir='ltr'><strong>versus</strong></span> <span class='ocrx_word' id='word_1_13' title='bbox 413 653 445 714; x_wconf 87' lang='lat' dir='ltr'><em>E</em></span> <span class='ocrx_word' id='word_1_14' title='bbox 470 649 660 732; x_wconf 75' lang='lat' dir='ltr'><strong>tit-486,</strong></span> <span class='ocrx_word' id='word_1_15' title='bbox 688 649 797 731; x_wconf 89' lang='lat' dir='ltr'><strong>quibus</strong></span> <span class='ocrx_word' id='word_1_16' title='bbox 827 651 978 731; x_wconf 80' lang='lat' dir='ltr'>Sarpedon</span> <span class='ocrx_word' id='word_1_17' title='bbox 1005 657 1135 732; x_wconf 90' lang='lat' dir='ltr'><strong>primum</strong></span> <span class='ocrx_word' id='word_1_18' title='bbox 1163 655 1328 734; x_wconf 81' lang='lat' dir='ltr'><strong>inducitur,</strong></span> <span class='ocrx_word' id='word_1_19' title='bbox 1358 653 1454 731; x_wconf 88' lang='lat' dir='ltr'><strong>perle-</strong></span> 
     </span>
     <span class='ocr_line' id='line_1_4' title="bbox 283 750 1455 832; baseline 0 -22"><span class='ocrx_word' id='word_1_20' title='bbox 283 752 371 828; x_wconf 85' lang='lat' dir='ltr'><strong>geris.</strong></span> <span class='ocrx_word' id='word_1_21' title='bbox 408 750 481 814; x_wconf 83' lang='lat' dir='ltr'><strong>Cum</strong></span> <span class='ocrx_word' id='word_1_22' title='bbox 505 751 585 810; x_wconf 89' lang='lat' dir='ltr'><strong>euim</strong></span> <span class='ocrx_word' id='word_1_23' title='bbox 608 757 693 810; x_wconf 90' lang='lat' dir='ltr'><strong>antea</strong></span> <span class='ocrx_word' id='word_1_24' title='bbox 716 759 804 830; x_wconf 92' lang='lat' dir='ltr'><strong>poeta</strong></span> <span class='ocrx_word' id='word_1_25' title='bbox 828 752 864 813; x_wconf 88' lang='lat' dir='ltr'><strong>de</strong></span> <span class='ocrx_word' id='word_1_26' title='bbox 888 752 995 832; x_wconf 92' lang='lat' dir='ltr'><strong>Lyciis,</strong></span> <span class='ocrx_word' id='word_1_27' title='bbox 1020 762 1168 832; x_wconf 90' lang='lat' dir='ltr'><strong>tamquam</strong></span> <span class='ocrx_word' id='word_1_28' title='bbox 1191 771 1280 813; x_wconf 91' lang='lat' dir='ltr'><strong>unam</strong></span> <span class='ocrx_word' id='word_1_29' title='bbox 1303 752 1455 811; x_wconf 84' lang='lat' dir='ltr'><strong>nationem</strong></span> 
     </span>
     <span class='ocr_line' id='line_1_5' title="bbox 280 843 1454 932; baseline -0.002 -25"><span class='ocrx_word' id='word_1_30' title='bbox 280 865 383 908; x_wconf 89' lang='lat' dir='ltr'><strong>eorum</strong></span> <span class='ocrx_word' id='word_1_31' title='bbox 401 849 526 924; x_wconf 81' lang='lat' dir='ltr'><strong>noverit,</strong></span> <span class='ocrx_word' id='word_1_32' title='bbox 549 845 666 908; x_wconf 89' lang='lat' dir='ltr'><strong>locutus</strong></span> <span class='ocrx_word' id='word_1_33' title='bbox 685 857 766 908; x_wconf 89' lang='lat' dir='ltr'><strong>esset</strong></span> <span class='ocrx_word' id='word_1_34' title='bbox 784 847 832 926; x_wconf 88' lang='grc' dir='ltr'><strong>(Δ</strong></span> <span class='ocrx_word' id='word_1_35' title='bbox 852 847 924 911; x_wconf 82' lang='grc'>197.</span> <span class='ocrx_word' id='word_1_36' title='bbox 945 848 1018 912; x_wconf 76' lang='grc'><strong>207.</strong></span> <span class='ocrx_word' id='word_1_37' title='bbox 1039 852 1070 910; x_wconf 83' lang='grc' dir='ltr'><em>Ε</em></span> <span class='ocrx_word' id='word_1_38' title='bbox 1089 843 1175 932; x_wconf 78' lang='grc'><strong>173),</strong></span> <span class='ocrx_word' id='word_1_39' title='bbox 1200 848 1298 910; x_wconf 89' lang='lat' dir='ltr'><strong>subito</strong></span> <span class='ocrx_word' id='word_1_40' title='bbox 1317 849 1454 908; x_wconf 86' lang='lat' dir='ltr'><strong>oratione</strong></span> 
     </span>
     <span class='ocr_line' id='line_1_6' title="bbox 280 938 1454 1028; baseline 0 -24"><span class='ocrx_word' id='word_1_41' title='bbox 280 943 459 1025; x_wconf 80' lang='lat' dir='ltr'>Sarpedonis</span> <span class='ocrx_word' id='word_1_42' title='bbox 482 946 513 1005; x_wconf 84' lang='lat' dir='ltr'><em>E</em></span> <span class='ocrx_word' id='word_1_43' title='bbox 534 941 599 1005; x_wconf 81' lang='lat'><strong>479</strong></span> <span class='ocrx_word' id='word_1_44' title='bbox 622 939 769 1023; x_wconf 79' lang='grc' dir='ltr'><strong><em>τηλόθεν</em></strong></span> <span class='ocrx_word' id='word_1_45' title='bbox 792 943 864 1008; x_wconf 75' lang='grc' dir='ltr'><strong><em>ἵκω·</em></strong></span> <span class='ocrx_word' id='word_1_46' title='bbox 889 943 992 1027; x_wconf 81' lang='grc' dir='ltr'><strong><em>τηλοῦ</em></strong></span> <span class='ocrx_word' id='word_1_47' title='bbox 1016 939 1082 1028; x_wconf 78' lang='grc' dir='ltr'><strong>γὰρ</strong></span> <span class='ocrx_word' id='word_1_48' title='bbox 1108 946 1214 1026; x_wconf 80' lang='grc' dir='ltr'><strong><em>Λυκίη</em></strong></span> <span class='ocrx_word' id='word_1_49' title='bbox 1243 939 1368 1028; x_wconf 74' lang='grc' dir='ltr'><strong><em>Ξάνθῳ</em></strong></span> <span class='ocrx_word' id='word_1_50' title='bbox 1400 938 1454 1005; x_wconf 79' lang='grc' dir='ltr'><strong>ἐπὶ</strong></span> 
     </span>
     <span class='ocr_line' id='line_1_7' title="bbox 281 1035 1453 1124; baseline 0.001 -23"><span class='ocrx_word' id='word_1_51' title='bbox 281 1035 430 1122; x_wconf 77' lang='grc' dir='ltr'><strong><em>δινήεντι</em></strong></span> <span class='ocrx_word' id='word_1_52' title='bbox 458 1042 580 1102; x_wconf 90' lang='lat' dir='ltr'><strong>alteram</strong></span> <span class='ocrx_word' id='word_1_53' title='bbox 604 1059 670 1101; x_wconf 88' lang='lat' dir='ltr'><strong>osse</strong></span> <span class='ocrx_word' id='word_1_54' title='bbox 694 1043 844 1103; x_wconf 89' lang='lat' dir='ltr'><strong>nationem</strong></span> <span class='ocrx_word' id='word_1_55' title='bbox 867 1043 1026 1123; x_wconf 80' lang='lat' dir='ltr'><strong>Lyciorum</strong></span> <span class='ocrx_word' id='word_1_56' title='bbox 1049 1062 1142 1124; x_wconf 90' lang='lat' dir='ltr'><strong>prope</strong></span> <span class='ocrx_word' id='word_1_57' title='bbox 1166 1043 1317 1104; x_wconf 76' lang='lat' dir='ltr'><strong>Xanthum</strong></span> <span class='ocrx_word' id='word_1_58' title='bbox 1341 1042 1453 1104; x_wconf 84' lang='lat' dir='ltr'><strong>flumen</strong></span> 
     </span>
     <span class='ocr_line' id='line_1_8' title="bbox 276 1138 1455 1222; baseline -0.002 -22"><span class='ocrx_word' id='word_1_59' title='bbox 276 1143 490 1219; x_wconf 87' lang='lat' dir='ltr'><strong>comperimus;</strong></span> <span class='ocrx_word' id='word_1_60' title='bbox 517 1155 592 1216; x_wconf 89' lang='lat' dir='ltr'><strong>quae</strong></span> <span class='ocrx_word' id='word_1_61' title='bbox 615 1138 704 1198; x_wconf 83' lang='lat' dir='ltr'><strong>verba</strong></span> <span class='ocrx_word' id='word_1_62' title='bbox 728 1158 787 1218; x_wconf 92' lang='lat' dir='ltr'><strong>quo</strong></span> <span class='ocrx_word' id='word_1_63' title='bbox 812 1140 933 1202; x_wconf 86' lang='lat' dir='ltr'><strong>tendant</strong></span> <span class='ocrx_word' id='word_1_64' title='bbox 957 1159 1004 1200; x_wconf 90' lang='lat' dir='ltr'><strong>me</strong></span> <span class='ocrx_word' id='word_1_65' title='bbox 1028 1161 1087 1203; x_wconf 93' lang='lat' dir='ltr'><strong>non</strong></span> <span class='ocrx_word' id='word_1_66' title='bbox 1114 1143 1198 1222; x_wconf 83' lang='lat' dir='ltr'><strong>sugit,</strong></span> <span class='ocrx_word' id='word_1_67' title='bbox 1222 1141 1274 1202; x_wconf 90' lang='lat' dir='ltr'><strong>sed</strong></span> <span class='ocrx_word' id='word_1_68' title='bbox 1293 1147 1398 1218; x_wconf 84' lang='lat' dir='ltr'><strong>argute</strong></span> <span class='ocrx_word' id='word_1_69' title='bbox 1418 1158 1455 1198; x_wconf 89' lang='lat' dir='ltr'><strong>ea</strong></span> 
     </span>
     <span class='ocr_line' id='line_1_9' title="bbox 279 1236 1452 1318; baseline -0.003 -19"><span class='ocrx_word' id='word_1_70' title='bbox 279 1239 357 1300; x_wconf 90' lang='lat' dir='ltr'><strong>dicta</strong></span> <span class='ocrx_word' id='word_1_71' title='bbox 381 1255 447 1298; x_wconf 90' lang='lat' dir='ltr'><strong>esse</strong></span> <span class='ocrx_word' id='word_1_72' title='bbox 471 1237 569 1298; x_wconf 88' lang='lat' dir='ltr'><strong>iudico</strong></span> <span class='ocrx_word' id='word_1_73' title='bbox 593 1237 628 1298; x_wconf 92' lang='lat' dir='ltr'><strong>ad</strong></span> <span class='ocrx_word' id='word_1_74' title='bbox 652 1237 758 1317; x_wconf 90' lang='lat' dir='ltr'><strong>Lycios</strong></span> <span class='ocrx_word' id='word_1_75' title='bbox 781 1236 999 1318; x_wconf 89' lang='lat' dir='ltr'><strong>meridionales,</strong></span> <span class='ocrx_word' id='word_1_76' title='bbox 1026 1259 1101 1318; x_wconf 92' lang='lat' dir='ltr'><strong>quos</strong></span> <span class='ocrx_word' id='word_1_77' title='bbox 1124 1249 1210 1302; x_wconf 78' lang='lat' dir='ltr'><strong>veura</strong></span> <span class='ocrx_word' id='word_1_78' title='bbox 1234 1241 1309 1300; x_wconf 90' lang='lat' dir='ltr'><strong>lama</strong></span> <span class='ocrx_word' id='word_1_79' title='bbox 1334 1240 1452 1316; x_wconf 86' lang='lat' dir='ltr'><strong>ignora-</strong></span> 
     </span>
     <span class='ocr_line' id='line_1_10' title="bbox 267 1319 1456 1415; baseline 0 -21"><span class='ocrx_word' id='word_1_80' title='bbox 267 1319 375 1415; x_wconf 63' lang='lat' dir='ltr'><strong>&#39;verat,</strong></span> <span class='ocrx_word' id='word_1_81' title='bbox 403 1353 419 1394; x_wconf 92' lang='lat' dir='ltr'><strong>a</strong></span> <span class='ocrx_word' id='word_1_82' title='bbox 443 1334 594 1395; x_wconf 87' lang='lat' dir='ltr'><strong>veteribus</strong></span> <span class='ocrx_word' id='word_1_83' title='bbox 618 1337 707 1396; x_wconf 91' lang='lat' dir='ltr'><strong>sociis</strong></span> <span class='ocrx_word' id='word_1_84' title='bbox 731 1335 928 1398; x_wconf 81' lang='lat' dir='ltr'><strong>Troianorum</strong></span> <span class='ocrx_word' id='word_1_85' title='bbox 951 1336 1208 1412; x_wconf 85' lang='lat' dir='ltr'><strong>discriminandos.</strong></span> <span class='ocrx_word' id='word_1_86' title='bbox 1254 1337 1348 1397; x_wconf 75' lang='lat' dir='ltr'><strong>Acuta</strong></span> <span class='ocrx_word' id='word_1_87' title='bbox 1373 1337 1456 1394; x_wconf 89' lang='lat' dir='ltr'><strong>cuim</strong></span> 
     </span>
     <span class='ocr_line' id='line_1_11' title="bbox 280 1429 1456 1514; baseline 0 -22"><span class='ocrx_word' id='word_1_88' title='bbox 280 1431 428 1510; x_wconf 85' lang='lat' dir='ltr'><strong>Giselrius,</strong></span> <span class='ocrx_word' id='word_1_89' title='bbox 452 1430 535 1492; x_wconf 88' lang='lat' dir='ltr'><strong>Hom.</strong></span> <span class='ocrx_word' id='word_1_90' title='bbox 556 1429 676 1492; x_wconf 79' lang='lat' dir='ltr'><strong>Fursch,</strong></span> <span class='ocrx_word' id='word_1_91' title='bbox 701 1451 728 1509; x_wconf 93' lang='lat' dir='ltr'><strong>p.</strong></span> <span class='ocrx_word' id='word_1_92' title='bbox 749 1430 813 1492; x_wconf 85' lang='lat'><strong>143</strong></span> <span class='ocrx_word' id='word_1_93' title='bbox 836 1451 910 1514; x_wconf 83' lang='lat' dir='ltr'><strong>sqq,</strong></span> <span class='ocrx_word' id='word_1_94' title='bbox 934 1436 1087 1512; x_wconf 86' lang='lat' dir='ltr'><strong>arguitio</strong></span> <span class='ocrx_word' id='word_1_95' title='bbox 1110 1443 1211 1496; x_wconf 85' lang='lat' dir='ltr'><strong>vetere</strong></span> <span class='ocrx_word' id='word_1_96' title='bbox 1235 1433 1312 1494; x_wconf 85' lang='lat' dir='ltr'><strong>lama</strong></span> <span class='ocrx_word' id='word_1_97' title='bbox 1332 1431 1456 1492; x_wconf 86' lang='lat' dir='ltr'><strong>Troiani</strong></span> 
     </span>
     <span class='ocr_line' id='line_1_12' title="bbox 282 1527 1454 1608; baseline -0.002 -18"><span class='ocrx_word' id='word_1_98' title='bbox 282 1529 365 1608; x_wconf 90' lang='lat' dir='ltr'><strong>belli,</strong></span> <span class='ocrx_word' id='word_1_99' title='bbox 403 1547 460 1607; x_wconf 88' lang='lat' dir='ltr'><strong>qua</strong></span> <span class='ocrx_word' id='word_1_100' title='bbox 492 1527 612 1589; x_wconf 84' lang='lat' dir='ltr'><strong>Troiani</strong></span> <span class='ocrx_word' id='word_1_101' title='bbox 648 1547 716 1590; x_wconf 91' lang='lat' dir='ltr'><strong>cum</strong></span> <span class='ocrx_word' id='word_1_102' title='bbox 753 1547 847 1606; x_wconf 90' lang='lat' dir='ltr'><strong>pauca</strong></span> <span class='ocrx_word' id='word_1_103' title='bbox 884 1551 973 1594; x_wconf 89' lang='lat' dir='ltr'><strong>mauu</strong></span> <span class='ocrx_word' id='word_1_104' title='bbox 1010 1535 1264 1593; x_wconf 88' lang='lat' dir='ltr'><strong>conterminorum</strong></span> <span class='ocrx_word' id='word_1_105' title='bbox 1301 1532 1454 1590; x_wconf 89' lang='lat' dir='ltr'><strong>sociorum</strong></span> 
     </span>
     <span class='ocr_line' id='line_1_13' title="bbox 279 1626 1453 1707; baseline -0.001 -20"><span class='ocrx_word' id='word_1_106' title='bbox 279 1626 407 1688; x_wconf 79' lang='lat' dir='ltr'><strong>Achivos</strong></span> <span class='ocrx_word' id='word_1_107' title='bbox 435 1644 525 1686; x_wconf 88' lang='lat' dir='ltr'><strong>novas</strong></span> <span class='ocrx_word' id='word_1_108' title='bbox 553 1627 639 1686; x_wconf 90' lang='lat' dir='ltr'><strong>sedes</strong></span> <span class='ocrx_word' id='word_1_109' title='bbox 663 1635 840 1706; x_wconf 79' lang='lat' dir='ltr'><strong>quaerentes</strong></span> <span class='ocrx_word' id='word_1_110' title='bbox 864 1628 1008 1707; x_wconf 89' lang='lat' dir='ltr'><strong>repellere</strong></span> <span class='ocrx_word' id='word_1_111' title='bbox 1032 1631 1131 1690; x_wconf 91' lang='lat' dir='ltr'><strong>conati</strong></span> <span class='ocrx_word' id='word_1_112' title='bbox 1154 1647 1220 1690; x_wconf 92' lang='lat' dir='ltr'><strong>esse</strong></span> <span class='ocrx_word' id='word_1_113' title='bbox 1244 1626 1453 1706; x_wconf 77' lang='lat' dir='ltr'><strong>narrabantur,</strong></span> 
     </span>
     <span class='ocr_line' id='line_1_14' title="bbox 280 1723 1455 1807; baseline -0.002 -22"><span class='ocrx_word' id='word_1_114' title='bbox 280 1725 411 1786; x_wconf 88' lang='lat' dir='ltr'><strong>solorum</strong></span> <span class='ocrx_word' id='word_1_115' title='bbox 443 1723 718 1802; x_wconf 83' lang='lat' dir='ltr'><strong>septentrionalium</strong></span> <span class='ocrx_word' id='word_1_116' title='bbox 746 1723 904 1803; x_wconf 83' lang='lat' dir='ltr'><strong>Lyciorum</strong></span> <span class='ocrx_word' id='word_1_117' title='bbox 931 1734 1031 1805; x_wconf 89' lang='lat' dir='ltr'><strong>partes</strong></span> <span class='ocrx_word' id='word_1_118' title='bbox 1059 1727 1164 1807; x_wconf 84' lang='lat' dir='ltr'><strong>luisse,</strong></span> <span class='ocrx_word' id='word_1_119' title='bbox 1193 1734 1295 1806; x_wconf 85' lang='lat' dir='ltr'><strong>postea</strong></span> <span class='ocrx_word' id='word_1_120' title='bbox 1322 1724 1455 1784; x_wconf 88' lang='lat' dir='ltr'><strong>adscitos</strong></span> 
     </span>
     <span class='ocr_line' id='line_1_15' title="bbox 280 1820 1456 1901; baseline -0.003 -19"><span class='ocrx_word' id='word_1_121' title='bbox 280 1841 345 1884; x_wconf 88' lang='lat' dir='ltr'><strong>esse</strong></span> <span class='ocrx_word' id='word_1_122' title='bbox 369 1820 576 1882; x_wconf 90' lang='lat' dir='ltr'><strong>meridionales</strong></span> <span class='ocrx_word' id='word_1_123' title='bbox 600 1821 718 1901; x_wconf 90' lang='lat' dir='ltr'><strong>Lycios,</strong></span> <span class='ocrx_word' id='word_1_124' title='bbox 745 1839 813 1882; x_wconf 92' lang='lat' dir='ltr'><strong>oum</strong></span> <span class='ocrx_word' id='word_1_125' title='bbox 836 1823 911 1882; x_wconf 83' lang='lat' dir='ltr'><strong>sama</strong></span> <span class='ocrx_word' id='word_1_126' title='bbox 935 1822 1005 1883; x_wconf 91' lang='lat' dir='ltr'><strong>belli</strong></span> <span class='ocrx_word' id='word_1_127' title='bbox 1028 1823 1063 1884; x_wconf 94' lang='lat' dir='ltr'><strong>ad</strong></span> <span class='ocrx_word' id='word_1_128' title='bbox 1087 1822 1174 1884; x_wconf 89' lang='lat' dir='ltr'><strong>lones</strong></span> <span class='ocrx_word' id='word_1_129' title='bbox 1197 1824 1323 1883; x_wconf 78' lang='lat' dir='ltr'><strong>Asianos</strong></span> <span class='ocrx_word' id='word_1_130' title='bbox 1345 1839 1456 1900; x_wconf 90' lang='lat' dir='ltr'><strong>propa-</strong></span> 
     </span>
     <span class='ocr_line' id='line_1_16' title="bbox 280 1917 1455 2000; baseline -0.002 -21"><span class='ocrx_word' id='word_1_131' title='bbox 280 1928 346 2000; x_wconf 80' lang='lat' dir='ltr'><strong>gata</strong></span> <span class='ocrx_word' id='word_1_132' title='bbox 374 1927 467 2000; x_wconf 88' lang='lat' dir='ltr'><strong>esset,</strong></span> <span class='ocrx_word' id='word_1_133' title='bbox 495 1921 548 1998; x_wconf 91' lang='lat' dir='ltr'><strong>qui</strong></span> <span class='ocrx_word' id='word_1_134' title='bbox 575 1919 700 1998; x_wconf 90' lang='lat' dir='ltr'><strong>propius</strong></span> <span class='ocrx_word' id='word_1_135' title='bbox 728 1917 764 1978; x_wconf 90' lang='lat' dir='ltr'><strong>ab</strong></span> <span class='ocrx_word' id='word_1_136' title='bbox 792 1936 884 1998; x_wconf 80' lang='lat' dir='ltr'><strong>reguo</strong></span> <span class='ocrx_word' id='word_1_137' title='bbox 914 1919 1094 1998; x_wconf 88' lang='lat' dir='ltr'><strong>Sarpedonis</strong></span> <span class='ocrx_word' id='word_1_138' title='bbox 1122 1920 1245 1981; x_wconf 91' lang='lat' dir='ltr'><strong>aberant</strong></span> <span class='ocrx_word' id='word_1_139' title='bbox 1268 1927 1299 1979; x_wconf 87' lang='lat' dir='ltr'><strong>et</strong></span> <span class='ocrx_word' id='word_1_140' title='bbox 1322 1936 1455 1996; x_wconf 92' lang='lat' dir='ltr'><strong>quorum</strong></span> 
     </span>
     <span class='ocr_line' id='line_1_17' title="bbox 279 2013 1454 2096; baseline -0.003 -18"><span class='ocrx_word' id='word_1_141' title='bbox 279 2017 398 2096; x_wconf 78' lang='lat' dir='ltr'><strong>regulos</strong></span> <span class='ocrx_word' id='word_1_142' title='bbox 430 2015 588 2078; x_wconf 90' lang='lat' dir='ltr'><strong>nonnullos</strong></span> <span class='ocrx_word' id='word_1_143' title='bbox 618 2034 633 2074; x_wconf 94' lang='lat' dir='ltr'><strong>a</strong></span> <span class='ocrx_word' id='word_1_144' title='bbox 661 2013 771 2075; x_wconf 85' lang='lat' dir='ltr'><strong>Glauco</strong></span> <span class='ocrx_word' id='word_1_145' title='bbox 798 2015 888 2095; x_wconf 90' lang='lat' dir='ltr'><strong>Lycio</strong></span> <span class='ocrx_word' id='word_1_146' title='bbox 917 2019 1061 2096; x_wconf 77' lang='lat' dir='ltr'><strong>originem</strong></span> <span class='ocrx_word' id='word_1_147' title='bbox 1090 2017 1209 2078; x_wconf 82' lang='lat' dir='ltr'><strong>duxisse</strong></span> <span class='ocrx_word' id='word_1_148' title='bbox 1238 2015 1407 2077; x_wconf 87' lang='lat' dir='ltr'><strong>Herodotus</strong></span> <span class='ocrx_word' id='word_1_149' title='bbox 1440 2014 1454 2074; x_wconf 97' lang='lat' dir='ltr'><strong>l</strong></span> 
     </span>
     <span class='ocr_line' id='line_1_18' title="bbox 282 2111 1454 2192; baseline -0.002 -18"><span class='ocrx_word' id='word_1_150' title='bbox 282 2111 342 2175; x_wconf 80' lang='lat'><strong>147</strong></span> <span class='ocrx_word' id='word_1_151' title='bbox 372 2115 531 2174; x_wconf 88' lang='lat' dir='ltr'><strong>memoriae</strong></span> <span class='ocrx_word' id='word_1_152' title='bbox 559 2112 699 2192; x_wconf 80' lang='lat' dir='ltr'><strong>prodidit.</strong></span> <span class='ocrx_word' id='word_1_153' title='bbox 744 2111 843 2184; x_wconf 83' lang='lat' dir='ltr'><strong>Quid?</strong></span> <span class='ocrx_word' id='word_1_154' title='bbox 875 2114 955 2192; x_wconf 91' lang='lat' dir='ltr'><strong>quod</strong></span> <span class='ocrx_word' id='word_1_155' title='bbox 988 2116 1054 2174; x_wconf 91' lang='lat' dir='ltr'><strong>eius</strong></span> <span class='ocrx_word' id='word_1_156' title='bbox 1082 2117 1126 2174; x_wconf 89' lang='lat' dir='ltr'><strong>rei</strong></span> <span class='ocrx_word' id='word_1_157' title='bbox 1154 2115 1297 2176; x_wconf 91' lang='lat' dir='ltr'><strong>iudicium</strong></span> <span class='ocrx_word' id='word_1_158' title='bbox 1327 2115 1358 2173; x_wconf 90' lang='lat' dir='ltr'><strong>in</strong></span> <span class='ocrx_word' id='word_1_159' title='bbox 1387 2115 1454 2190; x_wconf 88' lang='lat' dir='ltr'><strong>ipsa</strong></span> 
     </span>
     <span class='ocr_line' id='line_1_19' title="bbox 281 2208 1455 2289; baseline -0.001 -19"><span class='ocrx_word' id='word_1_160' title='bbox 281 2228 400 2289; x_wconf 89' lang='lat' dir='ltr'><strong>quoque</strong></span> <span class='ocrx_word' id='word_1_161' title='bbox 430 2208 519 2269; x_wconf 90' lang='lat' dir='ltr'><strong>lliade</strong></span> <span class='ocrx_word' id='word_1_162' title='bbox 548 2208 632 2289; x_wconf 89' lang='lat' dir='ltr'><strong>latet;</strong></span> <span class='ocrx_word' id='word_1_163' title='bbox 660 2228 728 2270; x_wconf 90' lang='lat' dir='ltr'><strong>nam</strong></span> <span class='ocrx_word' id='word_1_164' title='bbox 756 2211 835 2288; x_wconf 79' lang='lat' dir='ltr'><strong>qarod</strong></span> <span class='ocrx_word' id='word_1_165' title='bbox 859 2209 1014 2272; x_wconf 87' lang='lat' dir='ltr'><strong>Diomedes</strong></span> <span class='ocrx_word' id='word_1_166' title='bbox 1039 2211 1066 2270; x_wconf 92' lang='lat' dir='ltr'>Z</span> <span class='ocrx_word' id='word_1_167' title='bbox 1092 2209 1154 2273; x_wconf 92' lang='grc'><strong>123</strong></span> <span class='ocrx_word' id='word_1_168' title='bbox 1178 2212 1321 2273; x_wconf 87' lang='lat' dir='ltr'><strong>Glaucum</strong></span> <span class='ocrx_word' id='word_1_169' title='bbox 1345 2209 1455 2270; x_wconf 88' lang='lat' dir='ltr'><strong>ducem</strong></span> 
     </span>
     <span class='ocr_line' id='line_1_20' title="bbox 279 2299 1454 2390; baseline 0.001 -24"><span class='ocrx_word' id='word_1_170' title='bbox 279 2306 438 2386; x_wconf 77' lang='lat' dir='ltr'><strong>Lyciorum</strong></span> <span class='ocrx_word' id='word_1_171' title='bbox 457 2306 618 2386; x_wconf 85' lang='lat' dir='ltr'><strong>alloquitur</strong></span> <span class='ocrx_word' id='word_1_172' title='bbox 636 2305 685 2378; x_wconf 86' lang='grc' dir='ltr'><strong>τίς</strong></span> <span class='ocrx_word' id='word_1_173' title='bbox 703 2299 742 2367; x_wconf 71' lang='grc' dir='ltr'><strong>δὲ</strong></span> <span class='ocrx_word' id='word_1_174' title='bbox 758 2299 801 2366; x_wconf 83' lang='grc' dir='ltr'><strong>σύ</strong></span> <span class='ocrx_word' id='word_1_175' title='bbox 816 2303 898 2384; x_wconf 81' lang='grc' dir='ltr'><strong><em>ἐσσι,</em></strong></span> <span class='ocrx_word' id='word_1_176' title='bbox 918 2301 1063 2388; x_wconf 77' lang='grc' dir='ltr'><strong>φέριστε,</strong></span> <span class='ocrx_word' id='word_1_177' title='bbox 1081 2307 1304 2390; x_wconf 77' lang='grc' dir='ltr'><strong><em>καταθνητῶν</em></strong></span> <span class='ocrx_word' id='word_1_178' title='bbox 1317 2299 1454 2387; x_wconf 74' lang='grc' dir='ltr'><strong><em>ἀνθρώ-</em></strong></span> 
     </span>
     <span class='ocr_line' id='line_1_21' title="bbox 278 2394 1454 2488; baseline -0.002 -23"><span class='ocrx_word' id='word_1_179' title='bbox 278 2421 363 2466; x_wconf 83' lang='grc' dir='ltr'><strong><em>πων·</em></strong></span> <span class='ocrx_word' id='word_1_180' title='bbox 392 2395 434 2466; x_wconf 84' lang='grc' dir='ltr'><strong>οὐ</strong></span> <span class='ocrx_word' id='word_1_181' title='bbox 462 2397 524 2482; x_wconf 74' lang='grc' dir='ltr'><strong>μὲν</strong></span> <span class='ocrx_word' id='word_1_182' title='bbox 546 2396 611 2483; x_wconf 79' lang='grc' dir='ltr'><strong>γάρ</strong></span> <span class='ocrx_word' id='word_1_183' title='bbox 635 2394 708 2464; x_wconf 83' lang='grc' dir='ltr'><strong><em>ποτ’</em></strong></span> <span class='ocrx_word' id='word_1_184' title='bbox 734 2395 851 2466; x_wconf 81' lang='grc' dir='ltr'>ὄπωπα</span> <span class='ocrx_word' id='word_1_185' title='bbox 874 2399 961 2488; x_wconf 75' lang='grc' dir='ltr'><strong><em>μάχη</em></strong></span> <span class='ocrx_word' id='word_1_186' title='bbox 986 2405 1036 2468; x_wconf 82' lang='grc' dir='ltr'><strong>ἔνι</strong></span> <span class='ocrx_word' id='word_1_187' title='bbox 1060 2403 1271 2488; x_wconf 69' lang='grc' dir='ltr'><strong><em>κυδιανείρῃ,</em></strong></span> <span class='ocrx_word' id='word_1_188' title='bbox 1295 2405 1354 2466; x_wconf 91' lang='lat' dir='ltr'><strong>boc</strong></span> <span class='ocrx_word' id='word_1_189' title='bbox 1380 2423 1454 2464; x_wconf 86' lang='lat' dir='ltr'><strong>sane</strong></span> 
     </span>
     <span class='ocr_line' id='line_1_22' title="bbox 279 2495 1454 2584; baseline 0 -22"><span class='ocrx_word' id='word_1_190' title='bbox 279 2503 389 2562; x_wconf 90' lang='lat' dir='ltr'><strong>mirum</strong></span> <span class='ocrx_word' id='word_1_191' title='bbox 409 2495 454 2560; x_wconf 75' lang='grc' dir='ltr'><strong>δεῖ</strong></span> <span class='ocrx_word' id='word_1_192' title='bbox 473 2499 589 2561; x_wconf 90' lang='lat' dir='ltr'><strong>decimo</strong></span> <span class='ocrx_word' id='word_1_193' title='bbox 608 2517 686 2560; x_wconf 90' lang='lat' dir='ltr'><strong>auno</strong></span> <span class='ocrx_word' id='word_1_194' title='bbox 705 2499 783 2580; x_wconf 86' lang='lat' dir='ltr'><strong>belli,</strong></span> <span class='ocrx_word' id='word_1_195' title='bbox 807 2503 941 2564; x_wconf 88' lang='lat' dir='ltr'><strong>eiusdem</strong></span> <span class='ocrx_word' id='word_1_196' title='bbox 960 2522 1049 2565; x_wconf 85' lang='lat' dir='ltr'><strong>causa</strong></span> <span class='ocrx_word' id='word_1_197' title='bbox 1068 2513 1167 2566; x_wconf 90' lang='lat' dir='ltr'><strong>autem</strong></span> <span class='ocrx_word' id='word_1_198' title='bbox 1185 2507 1327 2584; x_wconf 88' lang='lat' dir='ltr'><strong>aperitur,</strong></span> <span class='ocrx_word' id='word_1_199' title='bbox 1351 2506 1377 2564; x_wconf 91' lang='lat' dir='ltr'><strong>si</strong></span> <span class='ocrx_word' id='word_1_200' title='bbox 1396 2503 1454 2562; x_wconf 91' lang='lat' dir='ltr'><strong>hoc</strong></span> 
     </span>
     <span class='ocr_line' id='line_1_23' title="bbox 280 2598 1454 2680; baseline -0.002 -20"><span class='ocrx_word' id='word_1_201' title='bbox 280 2598 366 2660; x_wconf 91' lang='lat' dir='ltr'><strong>modo</strong></span> <span class='ocrx_word' id='word_1_202' title='bbox 390 2606 520 2677; x_wconf 90' lang='lat' dir='ltr'><strong>poetam,</strong></span> <span class='ocrx_word' id='word_1_203' title='bbox 549 2598 627 2676; x_wconf 91' lang='lat' dir='ltr'><strong>quod</strong></span> <span class='ocrx_word' id='word_1_204' title='bbox 652 2600 683 2658; x_wconf 91' lang='lat' dir='ltr'><strong>in</strong></span> <span class='ocrx_word' id='word_1_205' title='bbox 706 2598 950 2661; x_wconf 86' lang='lat' dir='ltr'><strong>antecedentibus</strong></span> <span class='ocrx_word' id='word_1_206' title='bbox 973 2600 1058 2662; x_wconf 90' lang='lat' dir='ltr'><strong>libris</strong></span> <span class='ocrx_word' id='word_1_207' title='bbox 1082 2600 1292 2680; x_wconf 81' lang='lat' dir='ltr'><strong>veteribusque</strong></span> <span class='ocrx_word' id='word_1_208' title='bbox 1315 2601 1454 2660; x_wconf 91' lang='lat' dir='ltr'><strong>carmini-</strong></span> 
     </span>
     <span class='ocr_line' id='line_1_24' title="bbox 281 2693 1454 2777; baseline 0.001 -22"><span class='ocrx_word' id='word_1_209' title='bbox 281 2696 337 2756; x_wconf 87' lang='lat' dir='ltr'><strong>bus</strong></span> <span class='ocrx_word' id='word_1_210' title='bbox 359 2695 458 2773; x_wconf 89' lang='lat' dir='ltr'><strong>Lyciis</strong></span> <span class='ocrx_word' id='word_1_211' title='bbox 486 2693 729 2755; x_wconf 89' lang='lat' dir='ltr'><strong>meridionalibus</strong></span> <span class='ocrx_word' id='word_1_212' title='bbox 758 2695 855 2757; x_wconf 91' lang='lat' dir='ltr'><strong>nullae</strong></span> <span class='ocrx_word' id='word_1_213' title='bbox 878 2706 977 2776; x_wconf 88' lang='lat' dir='ltr'><strong>partes</strong></span> <span class='ocrx_word' id='word_1_214' title='bbox 1002 2697 1131 2758; x_wconf 88' lang='lat' dir='ltr'><strong>tributae</strong></span> <span class='ocrx_word' id='word_1_215' title='bbox 1157 2699 1280 2777; x_wconf 84' lang='lat' dir='ltr'><strong>suerint,</strong></span> <span class='ocrx_word' id='word_1_216' title='bbox 1308 2715 1454 2758; x_wconf 81' lang='lat' dir='ltr'><strong>excusare</strong></span> 
     </span>
     <span class='ocr_line' id='line_1_25' title="bbox 280 2791 1453 2873; baseline 0.003 -21"><span class='ocrx_word' id='word_1_217' title='bbox 280 2792 409 2852; x_wconf 85' lang='lat' dir='ltr'><strong>voluisse</strong></span> <span class='ocrx_word' id='word_1_218' title='bbox 433 2799 605 2852; x_wconf 88' lang='lat' dir='ltr'><strong>statuamus.</strong></span> <span class='ocrx_word' id='word_1_219' title='bbox 642 2791 703 2852; x_wconf 90' lang='lat' dir='ltr'><strong>lam</strong></span> <span class='ocrx_word' id='word_1_220' title='bbox 726 2793 753 2852; x_wconf 86' lang='lat' dir='ltr'><strong>si</strong></span> <span class='ocrx_word' id='word_1_221' title='bbox 775 2811 960 2871; x_wconf 90' lang='lat' dir='ltr'><strong>quaeramus,</strong></span> <span class='ocrx_word' id='word_1_222' title='bbox 984 2813 1059 2873; x_wconf 88' lang='lat' dir='ltr'><strong>quae</strong></span> <span class='ocrx_word' id='word_1_223' title='bbox 1083 2798 1214 2855; x_wconf 91' lang='lat' dir='ltr'><strong>carmina</strong></span> <span class='ocrx_word' id='word_1_224' title='bbox 1233 2793 1338 2873; x_wconf 90' lang='lat' dir='ltr'><strong>Lycios</strong></span> <span class='ocrx_word' id='word_1_225' title='bbox 1364 2796 1453 2855; x_wconf 89' lang='lat' dir='ltr'><strong>meri·</strong></span> 
     </span>
     <span class='ocr_line' id='line_1_26' title="bbox 279 2889 1454 2973; baseline 0.002 -23"><span class='ocrx_word' id='word_1_226' title='bbox 279 2889 411 2950; x_wconf 91' lang='lat' dir='ltr'><strong>dionales</strong></span> <span class='ocrx_word' id='word_1_227' title='bbox 443 2905 606 2967; x_wconf 87' lang='lat' dir='ltr'><strong>eorumque</strong></span> <span class='ocrx_word' id='word_1_228' title='bbox 638 2906 724 2966; x_wconf 82' lang='lat' dir='ltr'><strong>reges</strong></span> <span class='ocrx_word' id='word_1_229' title='bbox 755 2889 957 2968; x_wconf 90' lang='lat' dir='ltr'><strong>Sarpedonem</strong></span> <span class='ocrx_word' id='word_1_230' title='bbox 989 2901 1021 2951; x_wconf 92' lang='lat' dir='ltr'><strong>et</strong></span> <span class='ocrx_word' id='word_1_231' title='bbox 1047 2891 1204 2972; x_wconf 88' lang='lat' dir='ltr'><strong>Glaucum,</strong></span> <span class='ocrx_word' id='word_1_232' title='bbox 1237 2911 1312 2973; x_wconf 90' lang='lat' dir='ltr'><strong>quae</strong></span> <span class='ocrx_word' id='word_1_233' title='bbox 1344 2893 1454 2972; x_wconf 87' lang='lat' dir='ltr'><strong>Lycios</strong></span> 
     </span>
     <span class='ocr_line' id='line_1_27' title="bbox 279 2984 1452 3068; baseline 0.002 -20"><span class='ocrx_word' id='word_1_234' title='bbox 279 2984 526 3067; x_wconf 85' lang='lat' dir='ltr'><strong>septentrionales</strong></span> <span class='ocrx_word' id='word_1_235' title='bbox 550 3003 712 3065; x_wconf 88' lang='lat' dir='ltr'><strong>eorumque</strong></span> <span class='ocrx_word' id='word_1_236' title='bbox 737 2986 843 3048; x_wconf 87' lang='lat' dir='ltr'><strong>ducem</strong></span> <span class='ocrx_word' id='word_1_237' title='bbox 861 2989 1029 3050; x_wconf 87' lang='lat' dir='ltr'><strong>Pandarum</strong></span> <span class='ocrx_word' id='word_1_238' title='bbox 1053 2991 1189 3050; x_wconf 87' lang='lat' dir='ltr'><strong>noverint</strong></span> <span class='ocrx_word' id='word_1_239' title='bbox 1213 2998 1302 3068; x_wconf 88' lang='lat' dir='ltr'><strong>atque</strong></span> <span class='ocrx_word' id='word_1_240' title='bbox 1321 2989 1452 3052; x_wconf 87' lang='lat' dir='ltr'><strong>illustra-</strong></span> 
     </span>
     <span class='ocr_line' id='line_1_28' title="bbox 278 3082 1452 3164; baseline 0.002 -20"><span class='ocrx_word' id='word_1_241' title='bbox 278 3087 387 3163; x_wconf 84' lang='lat' dir='ltr'><strong>verint,</strong></span> <span class='ocrx_word' id='word_1_242' title='bbox 429 3085 460 3142; x_wconf 90' lang='lat' dir='ltr'><strong>in</strong></span> <span class='ocrx_word' id='word_1_243' title='bbox 496 3082 620 3143; x_wconf 87' lang='lat' dir='ltr'><strong>Pandari</strong></span> <span class='ocrx_word' id='word_1_244' title='bbox 664 3086 840 3146; x_wconf 88' lang='lat' dir='ltr'><strong>strenuitate</strong></span> <span class='ocrx_word' id='word_1_245' title='bbox 880 3086 1077 3164; x_wconf 89' lang='lat' dir='ltr'><strong>praedicanda</strong></span> <span class='ocrx_word' id='word_1_246' title='bbox 1113 3085 1225 3146; x_wconf 91' lang='lat' dir='ltr'><strong>multus</strong></span> <span class='ocrx_word' id='word_1_247' title='bbox 1261 3096 1307 3148; x_wconf 89' lang='lat' dir='ltr'><strong>est</strong></span> <span class='ocrx_word' id='word_1_248' title='bbox 1344 3095 1452 3148; x_wconf 92' lang='lat' dir='ltr'><strong>auctor</strong></span> 
     </span>
     <span class='ocr_line' id='line_1_29' title="bbox 280 3177 1452 3262; baseline 0.002 -19"><span class='ocrx_word' id='word_1_249' title='bbox 280 3183 445 3243; x_wconf 87' lang='lat' dir='ltr'><strong>carminum</strong></span> <span class='ocrx_word' id='word_1_250' title='bbox 479 3178 496 3240; x_wconf 82' lang='lat' dir='ltr'><strong>i</strong></span> <span class='ocrx_word' id='word_1_251' title='bbox 531 3189 561 3240; x_wconf 90' lang='lat' dir='ltr'><strong>et</strong></span> <span class='ocrx_word' id='word_1_252' title='bbox 589 3177 623 3261; x_wconf 85' lang='lat'><strong>9,</strong></span> <span class='ocrx_word' id='word_1_253' title='bbox 656 3179 808 3261; x_wconf 90' lang='lat' dir='ltr'><strong>Sarpedon</strong></span> <span class='ocrx_word' id='word_1_254' title='bbox 841 3191 871 3242; x_wconf 86' lang='lat' dir='ltr'><strong>et</strong></span> <span class='ocrx_word' id='word_1_255' title='bbox 902 3182 1031 3244; x_wconf 88' lang='lat' dir='ltr'><strong>Glaucus</strong></span> <span class='ocrx_word' id='word_1_256' title='bbox 1063 3184 1142 3244; x_wconf 91' lang='lat' dir='ltr'><strong>inter</strong></span> <span class='ocrx_word' id='word_1_257' title='bbox 1172 3186 1320 3262; x_wconf 90' lang='lat' dir='ltr'><strong>primores</strong></span> <span class='ocrx_word' id='word_1_258' title='bbox 1353 3187 1452 3245; x_wconf 90' lang='lat' dir='ltr'><strong>socio-</strong></span> 
     </span>
     <span class='ocr_line' id='line_1_30' title="bbox 279 3277 1454 3359; baseline 0.004 -20"><span class='ocrx_word' id='word_1_259' title='bbox 279 3297 346 3339; x_wconf 90' lang='lat' dir='ltr'><strong>rum</strong></span> <span class='ocrx_word' id='word_1_260' title='bbox 383 3277 541 3338; x_wconf 89' lang='lat' dir='ltr'><strong>laudantur</strong></span> <span class='ocrx_word' id='word_1_261' title='bbox 577 3280 608 3338; x_wconf 90' lang='lat' dir='ltr'><strong>iu</strong></span> <span class='ocrx_word' id='word_1_262' title='bbox 644 3277 820 3356; x_wconf 90' lang='lat' dir='ltr'><strong>interpolata</strong></span> <span class='ocrx_word' id='word_1_263' title='bbox 859 3287 944 3358; x_wconf 88' lang='lat' dir='ltr'><strong>parte</strong></span> <span class='ocrx_word' id='word_1_264' title='bbox 980 3279 1049 3340; x_wconf 91' lang='lat' dir='ltr'><strong>libri</strong></span> <span class='ocrx_word' id='word_1_265' title='bbox 1086 3282 1183 3359; x_wconf 90' lang='lat' dir='ltr'><strong>quinti</strong></span> <span class='ocrx_word' id='word_1_266' title='bbox 1216 3290 1247 3342; x_wconf 89' lang='lat' dir='ltr'><strong>et</strong></span> <span class='ocrx_word' id='word_1_267' title='bbox 1281 3285 1312 3342; x_wconf 92' lang='lat' dir='ltr'><strong>iu</strong></span> <span class='ocrx_word' id='word_1_268' title='bbox 1345 3283 1454 3344; x_wconf 89' lang='lat' dir='ltr'><strong>carmi·</strong></span> 
     </span>
     <span class='ocr_line' id='line_1_31' title="bbox 278 3371 1452 3455; baseline 0.003 -19"><span class='ocrx_word' id='word_1_269' title='bbox 278 3375 367 3436; x_wconf 89' lang='lat' dir='ltr'><strong>nibus</strong></span> <span class='ocrx_word' id='word_1_270' title='bbox 397 3373 446 3436; x_wconf 89' lang='grc'><strong>12.</strong></span> <span class='ocrx_word' id='word_1_271' title='bbox 477 3372 526 3436; x_wconf 89' lang='grc'><strong>13.</strong></span> <span class='ocrx_word' id='word_1_272' title='bbox 550 3372 602 3436; x_wconf 94' lang='grc'><strong>20.</strong></span> <span class='ocrx_word' id='word_1_273' title='bbox 630 3372 681 3435; x_wconf 90' lang='grc'><strong>22.</strong></span> <span class='ocrx_word' id='word_1_274' title='bbox 712 3372 763 3437; x_wconf 84' lang='grc'><strong>25.</strong></span> <span class='ocrx_word' id='word_1_275' title='bbox 792 3371 845 3436; x_wconf 89' lang='grc'><strong>26.</strong></span> <span class='ocrx_word' id='word_1_276' title='bbox 872 3372 929 3455; x_wconf 76' lang='lat' dir='ltr'><strong>at,</strong></span> <span class='ocrx_word' id='word_1_277' title='bbox 956 3375 1039 3453; x_wconf 92' lang='lat' dir='ltr'><strong>Lycii</strong></span> <span class='ocrx_word' id='word_1_278' title='bbox 1066 3378 1139 3436; x_wconf 85' lang='lat' dir='ltr'><strong>socii</strong></span> <span class='ocrx_word' id='word_1_279' title='bbox 1162 3375 1361 3438; x_wconf 80' lang='lat' dir='ltr'><strong>Troianorum</strong></span> <span class='ocrx_word' id='word_1_280' title='bbox 1384 3381 1452 3439; x_wconf 88' lang='lat' dir='ltr'><strong>sine</strong></span> 
     </span>
     <span class='ocr_line' id='line_1_32' title="bbox 279 3467 1454 3552; baseline 0.003 -18"><span class='ocrx_word' id='word_1_281' title='bbox 279 3474 469 3534; x_wconf 89' lang='lat' dir='ltr'><strong>distinctione</strong></span> <span class='ocrx_word' id='word_1_282' title='bbox 484 3472 609 3532; x_wconf 92' lang='lat' dir='ltr'><strong>duarum</strong></span> <span class='ocrx_word' id='word_1_283' title='bbox 624 3475 776 3533; x_wconf 90' lang='lat' dir='ltr'><strong>nationum</strong></span> <span class='ocrx_word' id='word_1_284' title='bbox 791 3473 821 3532; x_wconf 92' lang='lat' dir='ltr'><strong>in</strong></span> <span class='ocrx_word' id='word_1_285' title='bbox 832 3474 903 3532; x_wconf 90' lang='lat' dir='ltr'><strong>trito</strong></span> <span class='ocrx_word' id='word_1_286' title='bbox 913 3471 963 3531; x_wconf 93' lang='lat' dir='ltr'><strong>illo</strong></span> <span class='ocrx_word' id='word_1_287' title='bbox 974 3490 1062 3532; x_wconf 86' lang='lat' dir='ltr'><strong>versu</strong></span> <span class='ocrx_word' id='word_1_288' title='bbox 1075 3471 1186 3552; x_wconf 77' lang='grc' dir='ltr'><strong><em>Τρῶες</em></strong></span> <span class='ocrx_word' id='word_1_289' title='bbox 1196 3467 1251 3534; x_wconf 78' lang='grc' dir='ltr'><strong>καὶ</strong></span> <span class='ocrx_word' id='word_1_290' title='bbox 1263 3468 1384 3536; x_wconf 84' lang='grc' dir='ltr'><strong><em>Λύκιοι</em></strong></span> <span class='ocrx_word' id='word_1_291' title='bbox 1395 3471 1454 3537; x_wconf 73' lang='lat' dir='ltr'><strong>aad</strong></span> 
     </span>
     <span class='ocr_line' id='line_1_33' title="bbox 280 3558 1455 3652; baseline 0.002 -20"><span class='ocrx_word' id='word_1_292' title='bbox 280 3563 456 3649; x_wconf 78' lang='grc' dir='ltr'><strong><em>Δάρδανοι</em></strong></span> <span class='ocrx_word' id='word_1_293' title='bbox 470 3558 692 3649; x_wconf 78' lang='grc' dir='ltr'><strong><em>ἀγχιμαχηταί</em></strong></span> <span class='ocrx_word' id='word_1_294' title='bbox 700 3563 835 3652; x_wconf 65' lang='lat' dir='ltr'><strong>(Asso)</strong></span> <span class='ocrx_word' id='word_1_295' title='bbox 850 3577 881 3629; x_wconf 91' lang='lat' dir='ltr'><strong>et</strong></span> <span class='ocrx_word' id='word_1_296' title='bbox 894 3571 925 3629; x_wconf 93' lang='lat' dir='ltr'><strong>in</strong></span> <span class='ocrx_word' id='word_1_297' title='bbox 939 3572 1162 3630; x_wconf 77' lang='lat' dir='ltr'><strong>ouarmeratiouc</strong></span> <span class='ocrx_word' id='word_1_298' title='bbox 1178 3574 1327 3634; x_wconf 89' lang='lat' dir='ltr'><strong>sociorum</strong></span> <span class='ocrx_word' id='word_1_299' title='bbox 1343 3573 1377 3636; x_wconf 87' lang='grc' dir='ltr'><em>Κ</em></span> <span class='ocrx_word' id='word_1_300' title='bbox 1384 3571 1455 3634; x_wconf 89' lang='grc'><strong>430</strong></span> 
     </span>
     <span class='ocr_line' id='line_1_34' title="bbox 280 3665 1453 3750; baseline 0.003 -21"><span class='ocrx_word' id='word_1_301' title='bbox 280 3668 417 3750; x_wconf 90' lang='lat' dir='ltr'><strong>appellati</strong></span> <span class='ocrx_word' id='word_1_302' title='bbox 442 3674 520 3744; x_wconf 89' lang='lat' dir='ltr'><strong>sunt,</strong></span> <span class='ocrx_word' id='word_1_303' title='bbox 545 3665 617 3726; x_wconf 92' lang='lat' dir='ltr'><strong>nulli</strong></span> <span class='ocrx_word' id='word_1_304' title='bbox 636 3665 764 3744; x_wconf 89' lang='lat' dir='ltr'><strong>denique</strong></span> <span class='ocrx_word' id='word_1_305' title='bbox 783 3665 866 3743; x_wconf 94' lang='lat' dir='ltr'><strong>Lycii</strong></span> <span class='ocrx_word' id='word_1_306' title='bbox 884 3668 915 3725; x_wconf 92' lang='lat' dir='ltr'><strong>in</strong></span> <span class='ocrx_word' id='word_1_307' title='bbox 934 3666 1057 3745; x_wconf 87' lang='lat' dir='ltr'><strong>reliquis</strong></span> <span class='ocrx_word' id='word_1_308' title='bbox 1075 3668 1258 3730; x_wconf 87' lang='lat' dir='ltr'><strong>carminibus</strong></span> <span class='ocrx_word' id='word_1_309' title='bbox 1277 3679 1453 3732; x_wconf 83' lang='lat' dir='ltr'><strong>occurrunt</strong></span> 
     </span>
     <span class='ocr_line' id='line_1_35' title="bbox 279 3761 1454 3844; baseline 0.002 -17"><span class='ocrx_word' id='word_1_310' title='bbox 279 3765 401 3828; x_wconf 80' lang='lat' dir='ltr'><strong>Accedit</strong></span> <span class='ocrx_word' id='word_1_311' title='bbox 434 3762 526 3842; x_wconf 90' lang='lat' dir='ltr'><strong>quod,</strong></span> <span class='ocrx_word' id='word_1_312' title='bbox 559 3762 706 3841; x_wconf 93' lang='lat' dir='ltr'><strong>quomodo</strong></span> <span class='ocrx_word' id='word_1_313' title='bbox 735 3761 936 3840; x_wconf 90' lang='lat' dir='ltr'><strong>Sarpedonem</strong></span> <span class='ocrx_word' id='word_1_314' title='bbox 969 3763 1005 3823; x_wconf 91' lang='lat' dir='ltr'><strong>ab</strong></span> <span class='ocrx_word' id='word_1_315' title='bbox 1038 3767 1204 3825; x_wconf 89' lang='lat' dir='ltr'><strong>recentiore</strong></span> <span class='ocrx_word' id='word_1_316' title='bbox 1237 3775 1324 3844; x_wconf 91' lang='lat' dir='ltr'><strong>poeta</strong></span> <span class='ocrx_word' id='word_1_317' title='bbox 1357 3771 1454 3828; x_wconf 89' lang='lat' dir='ltr'><strong>veteri</strong></span> 
     </span>
     <span class='ocr_line' id='line_1_36' title="bbox 278 3861 1453 3942; baseline 0.003 -18"><span class='ocrx_word' id='word_1_318' title='bbox 278 3863 355 3924; x_wconf 90' lang='lat' dir='ltr'><strong>libro</strong></span> <span class='ocrx_word' id='word_1_319' title='bbox 384 3863 487 3940; x_wconf 90' lang='lat' dir='ltr'><strong>quinto</strong></span> <span class='ocrx_word' id='word_1_320' title='bbox 516 3867 583 3938; x_wconf 93' lang='lat' dir='ltr'><strong>post</strong></span> <span class='ocrx_word' id='word_1_321' title='bbox 606 3862 753 3920; x_wconf 87' lang='lat' dir='ltr'><strong>insertum</strong></span> <span class='ocrx_word' id='word_1_322' title='bbox 776 3877 842 3918; x_wconf 88' lang='lat' dir='ltr'><strong>esse</strong></span> <span class='ocrx_word' id='word_1_323' title='bbox 865 3876 956 3937; x_wconf 87' lang='lat' dir='ltr'><strong>supra</strong></span> <span class='ocrx_word' id='word_1_324' title='bbox 979 3861 1148 3942; x_wconf 89' lang='lat' dir='ltr'><strong>docuimus,</strong></span> <span class='ocrx_word' id='word_1_325' title='bbox 1174 3864 1278 3924; x_wconf 90' lang='lat' dir='ltr'><strong>eodem</strong></span> <span class='ocrx_word' id='word_1_326' title='bbox 1302 3865 1389 3934; x_wconf 89' lang='lat' dir='ltr'><strong>modo</strong></span> <span class='ocrx_word' id='word_1_327' title='bbox 1415 3885 1453 3927; x_wconf 82' lang='lat' dir='ltr'><strong>ex</strong></span> 
     </span>
     <span class='ocr_line' id='line_1_37' title="bbox 278 3955 1453 4036; baseline 0.003 -16"><span class='ocrx_word' id='word_1_328' title='bbox 278 3959 429 4020; x_wconf 90' lang='lat' dir='ltr'><strong>Patroclea</strong></span> <span class='ocrx_word' id='word_1_329' title='bbox 439 3957 618 4036; x_wconf 87' lang='lat' dir='ltr'><strong>Sarpedonis</strong></span> <span class='ocrx_word' id='word_1_330' title='bbox 632 3955 927 4034; x_wconf 89' lang='lat' dir='ltr'><strong>meridionaliumque</strong></span> <span class='ocrx_word' id='word_1_331' title='bbox 937 3957 1095 4035; x_wconf 89' lang='lat' dir='ltr'><strong>Lyciorum</strong></span> <span class='ocrx_word' id='word_1_332' title='bbox 1107 3964 1348 4022; x_wconf 89' lang='lat' dir='ltr'><strong>commemoratio</strong></span> <span class='ocrx_word' id='word_1_333' title='bbox 1359 3966 1453 4024; x_wconf 88' lang='lat' dir='ltr'><strong>versi·</strong></span> 
     </span>
     <span class='ocr_line' id='line_1_38' title="bbox 280 4053 1455 4140; baseline 0.003 -24"><span class='ocrx_word' id='word_1_334' title='bbox 280 4057 335 4118; x_wconf 92' lang='lat' dir='ltr'><strong>bus</strong></span> <span class='ocrx_word' id='word_1_335' title='bbox 355 4060 392 4117; x_wconf 90' lang='grc' dir='ltr'><strong><em>Π</em></strong></span> <span class='ocrx_word' id='word_1_336' title='bbox 407 4053 594 4135; x_wconf 76' lang='lat' dir='ltr'><strong>tto—697,</strong></span> <span class='ocrx_word' id='word_1_337' title='bbox 618 4055 727 4133; x_wconf 90' lang='lat' dir='ltr'><strong>quibus</strong></span> <span class='ocrx_word' id='word_1_338' title='bbox 750 4073 848 4133; x_wconf 84' lang='lat' dir='ltr'><strong>pugua</strong></span> <span class='ocrx_word' id='word_1_339' title='bbox 872 4053 998 4114; x_wconf 89' lang='lat' dir='ltr'><strong>Patrocli</strong></span> <span class='ocrx_word' id='word_1_340' title='bbox 1021 4073 1089 4115; x_wconf 93' lang='lat' dir='ltr'><strong>cum</strong></span> <span class='ocrx_word' id='word_1_341' title='bbox 1109 4055 1279 4134; x_wconf 89' lang='lat' dir='ltr'><strong>Sarpedone</strong></span> <span class='ocrx_word' id='word_1_342' title='bbox 1303 4068 1455 4140; x_wconf 88' lang='lat' dir='ltr'><strong>narratur,</strong></span> 
     </span>
     <span class='ocr_line' id='line_1_39' title="bbox 279 4150 1456 4230; baseline 0.004 -17"><span class='ocrx_word' id='word_1_343' title='bbox 279 4172 337 4215; x_wconf 93' lang='lat' dir='ltr'><strong>una</strong></span> <span class='ocrx_word' id='word_1_344' title='bbox 361 4173 429 4214; x_wconf 92' lang='lat' dir='ltr'><strong>cum</strong></span> <span class='ocrx_word' id='word_1_345' title='bbox 452 4153 508 4212; x_wconf 90' lang='lat' dir='ltr'><strong>alio</strong></span> <span class='ocrx_word' id='word_1_346' title='bbox 533 4155 640 4213; x_wconf 88' lang='lat' dir='ltr'><strong>veteris</strong></span> <span class='ocrx_word' id='word_1_347' title='bbox 659 4151 827 4212; x_wconf 89' lang='lat' dir='ltr'><strong>Patrocleae</strong></span> <span class='ocrx_word' id='word_1_348' title='bbox 852 4151 1057 4230; x_wconf 90' lang='lat' dir='ltr'><strong>supplemento</strong></span> <span class='ocrx_word' id='word_1_349' title='bbox 1076 4150 1305 4216; x_wconf 74' lang='lat'><em>11303-376</em></span> <span class='ocrx_word' id='word_1_350' title='bbox 1324 4156 1456 4218; x_wconf 89' lang='lat' dir='ltr'><strong>seclusis</strong></span> 
     </span>
     <span class='ocr_line' id='line_1_40' title="bbox 280 4247 1455 4336; baseline 0.004 -26"><span class='ocrx_word' id='word_1_351' title='bbox 280 4251 364 4311; x_wconf 90' lang='lat' dir='ltr'><strong>lacile</strong></span> <span class='ocrx_word' id='word_1_352' title='bbox 406 4250 528 4310; x_wconf 91' lang='lat' dir='ltr'><strong>tollitur.</strong></span> <span class='ocrx_word' id='word_1_353' title='bbox 584 4249 757 4328; x_wconf 84' lang='lat' dir='ltr'><strong>Episodiurn</strong></span> <span class='ocrx_word' id='word_1_354' title='bbox 795 4257 893 4309; x_wconf 88' lang='lat' dir='ltr'><strong>autem</strong></span> <span class='ocrx_word' id='word_1_355' title='bbox 931 4247 1003 4309; x_wconf 91' lang='lat' dir='ltr'><strong>illud</strong></span> <span class='ocrx_word' id='word_1_356' title='bbox 1045 4250 1081 4308; x_wconf 91' lang='lat' dir='ltr'><strong>de</strong></span> <span class='ocrx_word' id='word_1_357' title='bbox 1123 4250 1304 4329; x_wconf 89' lang='lat' dir='ltr'><strong>Sarpedonis</strong></span> <span class='ocrx_word' id='word_1_358' title='bbox 1346 4264 1455 4336; x_wconf 86' lang='lat' dir='ltr'><strong>morte,</strong></span> 
     </span>
     <span class='ocr_line' id='line_1_41' title="bbox 280 4347 1456 4426; baseline 0.007 -20"><span class='ocrx_word' id='word_1_359' title='bbox 280 4349 412 4426; x_wconf 88' lang='lat' dir='ltr'><strong>quamvis</strong></span> <span class='ocrx_word' id='word_1_360' title='bbox 449 4347 639 4408; x_wconf 87' lang='lat' dir='ltr'><strong>vehementer</strong></span> <span class='ocrx_word' id='word_1_361' title='bbox 675 4349 789 4408; x_wconf 87' lang='lat' dir='ltr'><strong>animos</strong></span> <span class='ocrx_word' id='word_1_362' title='bbox 825 4355 1007 4408; x_wconf 87' lang='lat' dir='ltr'><strong>commoveat</strong></span> <span class='ocrx_word' id='word_1_363' title='bbox 1043 4354 1073 4408; x_wconf 89' lang='lat' dir='ltr'><strong>et</strong></span> <span class='ocrx_word' id='word_1_364' title='bbox 1108 4347 1269 4426; x_wconf 88' lang='lat' dir='ltr'><strong>praeclaris</strong></span> <span class='ocrx_word' id='word_1_365' title='bbox 1307 4355 1456 4415; x_wconf 86' lang='lat' dir='ltr'><strong>orationis</strong></span> 
     </span>
     <span class='ocr_line' id='line_1_42' title="bbox 279 4443 1457 4525; baseline 0.008 -21"><span class='ocrx_word' id='word_1_366' title='bbox 279 4444 441 4510; x_wconf 88' lang='lat' dir='ltr'><strong>luminibus</strong></span> <span class='ocrx_word' id='word_1_367' title='bbox 465 4445 638 4506; x_wconf 89' lang='lat' dir='ltr'><strong>distinctum</strong></span> <span class='ocrx_word' id='word_1_368' title='bbox 662 4447 713 4524; x_wconf 91' lang='lat' dir='ltr'><strong>sit,</strong></span> <span class='ocrx_word' id='word_1_369' title='bbox 741 4452 839 4505; x_wconf 90' lang='lat' dir='ltr'><strong>tamen</strong></span> <span class='ocrx_word' id='word_1_370' title='bbox 863 4444 1014 4523; x_wconf 82' lang='lat' dir='ltr'><strong>exemplar</strong></span> <span class='ocrx_word' id='word_1_371' title='bbox 1037 4443 1106 4506; x_wconf 89' lang='lat' dir='ltr'><strong>libri</strong></span> <span class='ocrx_word' id='word_1_372' title='bbox 1129 4445 1223 4525; x_wconf 86' lang='lat' dir='ltr'><strong>XXll,</strong></span> <span class='ocrx_word' id='word_1_373' title='bbox 1247 4449 1328 4524; x_wconf 91' lang='lat' dir='ltr'><strong>quod</strong></span> <span class='ocrx_word' id='word_1_374' title='bbox 1351 4469 1457 4513; x_wconf 87' lang='lat' dir='ltr'><strong>aemu-</strong></span> 
     </span>
    </p>
   </div>
   <div class='ocr_carea' id='block_1_3' title="bbox 0 0 1642 5090">
    <p class='ocr_par' dir='ltr' id='par_1_3' title="bbox 0 0 1642 5090">
     <span class='ocr_line' id='line_1_43' title="bbox 0 0 1642 5090; baseline 0 0"><span class='ocrx_word' id='word_1_375' title='bbox 0 0 1642 5090; x_wconf 95' lang='lat' dir='ltr'><strong> </strong></span> 
     </span>
    </p>
   </div>
  </div>
 </body>
</html>
