3276 5090
641 423 860 487 ..79-

159 589 251 664 primi
280 587 340 648 diei
368 595 484 649 narrata
513 596 629 666 poetam
659 584 735 645 libro
764 603 842 646 nono
871 585 906 646 ad
935 586 1061 648 alterum
1086 588 1163 650 diem
1187 597 1335 668 tamqnam

158 703 266 744 noram
294 693 409 765 partem
439 686 583 765 poematis
612 684 765 742 transiisse
793 682 933 744 dicerem.
980 683 1017 744 Et
1042 683 1112 744 lieet
1134 703 1167 745 re
1191 685 1242 747 diu
1265 687 1336 748 deli·

156 782 260 844 berata
295 792 326 844 et
358 782 493 845 versibus
529 781 736 842 communibus
753 778 925 858 ‚diligenter
958 784 1114 860 pensitatis
1141 785 1176 844 ad
1205 786 1335 862 priorem

160 884 341 942 sententiam
365 883 459 960 magis
485 879 633 958 inclinem,
656 879 831 956 praesertim
856 896 924 938 cnm
943 881 1030 940 etiam
1051 882 1143 940 maior
1162 879 1336 959 simplicitas

156 995 261 1038 rernm
290 986 321 1038 et
349 981 446 1039 minor
474 993 617 1038 numerus
646 977 794 1036 sociorum
825 972 876 1056 (cl.
902 976 932 1035 Λ
955 973 1101 1056 57-60)
1124 979 1229 1038 maiori
1253 986 1334 1038 vetu-

155 1078 227 1135 stati
257 1075 326 1135 libri
355 1075 508 1136 undecimi
536 1074 645 1154 lavent,
674 1081 771 1135 tamen
800 1083 859 1133 tam
888 1073 1017 1135 dilllcilis
1046 1083 1076 1134 et
1099 1075 1239 1155 impedita
1263 1075 1335 1136 baec

154 1175 293 1252 quaestio
314 1181 368 1252 est,
389 1181 422 1233 ut
441 1172 629 1233 {dermannus
648 1164 766 1254 (opusc.
787 1170 808 1228 V
824 1167 880 1250 75)
897 1161 1142 1251 Ἀγαμέμνονος
1160 1163 1334 1252 ἀριστείαν

155 1281 329 1348 separatum
359 1289 479 1330 carmen
503 1287 569 1330 esse
594 1270 758 1345 censuerit,
786 1268 865 1346 qnod
889 1286 947 1328 non
972 1269 1077 1346 proelii
1101 1268 1226 1329 alicuius
1250 1287 1334 1329 accu-

155 1376 251 1427 ratam
273 1368 514 1447 descriptionem,
533 1366 585 1426 sed
605 1364 873 1444 splendidissimam
894 1366 1039 1447 planeque
1059 1366 1188 1427 divinam
1203 1368 1335 1428 universi

155 1463 227 1524 belli
253 1465 412 1543 imaginem
436 1465 474 1526 ob
498 1463 600 1526 oeulos
623 1463 758 1524 adducat
796 1462 858 1524 Hoc
883 1463 1003 1543 quidem
1027 1472 1192 1526 memoratu
1212 1464 1334 1543 dignum

154 1571 216 1642 est,
240 1561 389 1642 Odysseae
413 1571 566 1626 auctorem
589 1561 753 1622 secundum
772 1558 882 1620 librum
900 1559 999 1622 lliadis
1018 1563 1075 1622 iam
1095 1580 1149 1623 suo
1169 1561 1233 1622 loeo
1252 1564 1336 1623 inve-

155 1662 237 1720 nisse
258 1660 362 1740 rideri,
382 1662 460 1740 qnod
481 1662 589 1738 etipse
605 1659 736 1720 secundo
750 1655 815 1718 loco
830 1660 998 1718 contionem
1013 1658 1212 1720 ltbaeensium
1227 1663 1334 1738 posuit.

246 1757 345 1819 Etiam
373 1756 524 1820 difficilius
552 1765 599 1818 est
621 1757 657 1817 ad
681 1754 916 1835 diiudicandum,
945 1773 1016 1816 num
1040 1773 1115 1834 quae
1137 1747 1335 1836 Ἀγαμέμνο-

155 1877 217 1928 νος
235 1847 408 1934 ἀριστείαν
428 1855 581 1933 excipiunt
599 1853 729 1914 carmina
748 1848 799 1914 25.
819 1850 870 1914 27.
890 1850 942 1914 35.
957 1850 999 1914 37
1019 1853 1056 1913 de
1071 1851 1207 1912 Patroclo
1226 1853 1334 1914 auxilio

156 1954 279 2014 Achivis
312 1954 416 2032 misso,
449 1951 560 2012 Achille
588 1949 733 2011 Troianos
761 1950 894 2030 lugente,
923 1949 1049 2011 Hectore
1079 1953 1273 2029 interempto,
1305 1959 1335 2011 et

158 2053 223 2130 ipsa
247 2058 316 2110 ante
339 2049 432 2110 libros
451 2048 563 2110 B-H
581 2047 743 2125 composita
763 2049 831 2108 sint.
868 2046 932 2117 Qua
951 2049 981 2106 in
1002 2064 1121 2108 recum
1141 2055 1222 2108 certa
1242 2057 1272 2108 et
1291 2050 1334 2108 in·

156 2147 290 2209 dubitata
304 2146 481 2208 documenta
496 2147 603 2224 desint,
613 2162 715 2204 rerum
729 2143 929 2223 probabilitati
943 2141 1054 2222 aliquid
1069 2143 1201 2205 tribuere
1216 2144 1332 2228 licebit3

159 2244 253 2306 multo
282 2253 381 2304 autem
405 2243 588 2323 probabilius
615 2249 660 2302 est
684 2241 870 2302 lineamentis
896 2242 988 2301 totius
1016 2239 1114 2301 iliadis
1143 2244 1201 2302 iam
1230 2241 1333 2302 edum-

158 2341 253 2402 bratis
277 2342 437 2422 exstitisse,
461 2343 513 2420 qui
536 2338 667 2417 singulas
691 2340 755 2398 eius
778 2346 878 2416 partes
902 2337 1096 2400 extenderent
1119 2346 1208 2418 atque
1231 2340 1332 2418 ampli·

156 2440 295 2519 licerent,
323 2456 425 2517 qrram,
451 2439 529 2518 quod
559 2437 679 2498 Grotius
708 2434 856 2516 probarit,
888 2435 946 2495 duo
975 2444 1108 2514 separate
1136 2439 1267 2496 carmina
1296 2437 1333 2497 de
1396 2461 1399 2470 ·

158 2535 282 2616 proeliis
319 2535 497 2596 Achivorum
540 2543 608 2614 post
643 2532 764 2594 Achillis
802 2541 832 2593 et
868 2533 1096 2610 Agamemnonis
1138 2533 1205 2593 lites
1247 2534 1333 2593 laetis

157 2635 262 2695 eodem
311 2641 442 2711 tempore
489 2641 555 2693 nata
599 2640 628 2692 et
669 2640 769 2708 postea
812 2632 843 2690 in
889 2647 981 2690 uuum
1025 2648 1128 2707 poema
1174 2631 1331 2690 coniuncta

157 2751 230 2794 esse.
279 2728 364 2799 Quod
393 2739 493 2792 autem
516 2731 615 2790 minor
637 2727 765 2788 ambitus
790 2727 973 2804 singulorum
997 2728 1161 2787 carminum
1185 2723 1329 2786 librorum

156 2829 263 2905 ΓΔΖ,
288 2825 379 2887 veluti
407 2824 657 2907 Τειχοσκοπίας,
680 2815 947 2905 Ἐπιπωλήσεως,
979 2824 1196 2904 Μονομαχίας
1219 2826 1328 2888 Μενε-

157 2921 243 2988 λάου
270 2918 326 2984 καὶ
355 2915 520 3003 Πάριδος,
549 2923 585 2984 ab
618 2924 732 3001 origine
762 2925 861 3001 poesis
890 2923 1005 3001 epicae,
1038 2940 1128 3001 quae,
1157 2924 1331 3001 priusquam

156 3022 280 3102 grandia
308 3029 338 3080 et
365 3020 459 3099 ampla
484 3040 572 3099 opera
597 3039 725 3100 pangere
749 3023 930 3100 institueret,
952 3021 983 3078 in
1008 3018 1122 3096 pusillis
1146 3019 1329 3082 carminibus

158 3118 327 3182 lectitandis
360 3117 493 3199 ludebat,
525 3121 649 3198 propius
681 3118 784 3178 abesse
817 3118 947 3196 videtur,
981 3116 1037 3177 hoc
1071 3118 1171 3178 nescio
1204 3136 1242 3178 an
1275 3119 1332 3179 alio

158 3217 244 3280 modo
269 3217 341 3277 satis
365 3215 558 3294 probabiliter
582 3216 724 3295 explicari
747 3217 848 3294 possit.
895 3214 968 3274 Nam
992 3232 1059 3274 cum
1083 3233 1154 3292 prae
1179 3217 1332 3276 maiestate

157 3321 225 3379 nori
249 3316 394 3396 poematis
418 3315 454 3374 de
478 3317 522 3376 ira
542 3313 664 3375 Acbillis
688 3323 786 3374 vetera
809 3313 940 3372 carmina
965 3313 1077 3372 minora
1101 3311 1275 3374 sordeseere
1300 3322 1330 3374 et

157 3415 305 3476 oblivione
338 3412 425 3474 obrui
458 3421 560 3491 coepta
588 3419 702 3484 essent,
734 3419 820 3490 poeta
848 3412 909 3470 sire
938 3410 1030 3488 idem,
1063 3411 1114 3488 qni
1143 3408 1331 3486 splendidum

157 3511 227 3574 illud
247 3529 353 3590 poema
373 3528 501 3589 pangere
521 3518 668 3588 coeperet,
687 3509 748 3568 sire
767 3506 842 3567 alius
862 3505 981 3585 quidam
996 3505 1088 3566 lineas
1109 3504 1199 3566 buius
1215 3525 1332 3586 poema-

157 3611 196 3669 tis
216 3612 256 3668 ite
275 3608 392 3669 diduxit
406 3615 436 3667 et
448 3609 603 3686 promovit,
623 3615 656 3667 ut
670 3608 700 3665 iu
715 3604 891 3682 amplificato
907 3606 972 3664 eius
986 3607 1051 3666 sinu
1068 3605 1157 3665 etiam
1172 3605 1333 3667 bellissima

159 3709 290 3766 carmina
314 3711 414 3764 vetera
437 3703 535 3782 paullo
558 3711 669 3764 monta
698 3711 728 3762 et
751 3702 875 3764 consilio
898 3705 968 3763 novi
991 3704 1091 3782 operis
1115 3704 1333 3764 accommodata

161 3805 255 3882 recipi
277 3809 408 3883 possent.

250 3898 418 3960 Admodum
434 3917 503 3960 vero
518 3898 642 3960 dubium
657 3901 706 3960 cni
720 3900 864 3981 rideatur,
874 3918 933 3979 quo
948 3899 1013 3960 loco
1028 3898 1104 3960 liber
1114 3899 1143 3959 Θ
1154 3899 1200 3962 vel
1214 3917 1333 3962 carmen

161 3999 310 4060 decimum
330 3999 469 4077 quintum
488 3996 692 4058 collocandum
711 4000 758 4058 sit.
795 3996 857 4058 lloe
874 3996 1035 4058 lloecblius
1055 4015 1089 4057 er
1106 3996 1256 4058 veteribus
1271 4016 1333 4059 car·

161 4096 293 4158 minibus
316 4093 416 4157 lliadis
439 4113 564 4176 prorsus
587 4095 756 4174 eliminavit,
780 4096 820 4154 ita
846 4101 943 4154 tamen
966 4102 1001 4154 ut
1023 4092 1137 4153 laceras
1161 4097 1226 4155 eins
1244 4098 1333 4176 parti·

161 4195 242 4257 eules
280 4196 341 4254 sive
381 4211 484 4254 versus
526 4191 642 4255 1—77.
676 4188 859 4252 213-216.
893 4187 1069 4252 350-380
1105 4209 1141 4250 ex
1175 4191 1335 4254 llermanni
1441 4183 1444 4188 ’

162 4295 309 4355 sententia
334 4295 458 4354 carmini
480 4283 563 4364 Διὸς
586 4281 712 4369 ἀπάτης
730 4291 838 4368 partim
857 4287 1034 4366 praefigeret
1053 4289 1161 4366 parlim
1180 4290 1333 4351 intexeret.

163 4392 307 4454 Similiter
330 4407 427 4469 nuper
445 4389 587 4470 Naberus,
611 4393 724 4467 quaest.
744 4385 823 4448 hom.
842 4385 862 4462 ὅ
881 4379 1117 4464 45-4910nga
1136 4384 1334 4464 disputatione

163 4488 286 4551 docebat
318 4489 413 4548 totius
444 4486 533 4548 huius
566 4485 636 4546 libri
663 4486 907 4565 compositionem
935 4481 1069 4543 laborare
1097 4482 1232 4560 partibus
1259 4485 1333 4546 male
