3280 5104
744 366 988 430 vwll?-

285 548 445 609 numquam
464 531 494 589 in
513 531 582 609 arsi,
600 547 676 608 quae
695 529 811 607 longam
830 531 966 611 requirit,
984 529 1201 609 diphthongum
1221 527 1394 589 collocatam
1412 530 1457 588 in-

285 627 449 708 veniebant,
473 635 654 690 contractam
679 629 802 688 lormam
821 647 837 687 a
856 631 1056 706 grammaticis
1075 635 1105 688 et
1124 628 1305 688 Pisistrateis
1323 627 1457 688 redacto-

286 725 369 788 ribus
388 726 510 787 Homeri
524 726 705 789 carminibus
725 725 910 808 inculcatam,
934 727 1083 788 diductam
1103 726 1139 786 ab
1158 725 1287 788 Homero
1306 729 1371 806 ipso
1390 745 1457 806 pro·

284 827 391 887 lectam
406 843 471 886 esse
496 824 719 887 concluderent.
757 823 806 884 Sic
830 843 898 885 cum
922 824 1003 886 nullo
1025 825 1090 886 loco
1113 823 1212 884 Iliadis
1235 831 1287 884 aut
1309 822 1457 904 Odysseae

285 922 503 1004 tetrasyllabum
527 941 697 984 mensuram
720 925 847 983 nominis
868 915 1035 1006 Ἀτρείδης
1058 921 1175 984 excludi
1188 920 1348 982 -Belrlrerus
1368 924 1456 984 vidis·

283 1029 338 1102 set,
359 1013 529 1104 Ἀτρεΐθην
553 1021 598 1082 rel
614 1012 818 1104 Ἀτρεέίθην,
841 1039 899 1082 non
921 1011 1091 1104 Ἀτρείδην
1110 1029 1227 1102 poetam
1246 1023 1456 1102 pronuntiasse

284 1119 410 1200 collegit.
454 1120 511 1182 Sed
536 1119 652 1199 singula
679 1119 811 1199 exempla
839 1121 949 1180 veteris
975 1139 1049 1182 ursus
1073 1120 1222 1182 Homerici
1249 1120 1326 1181 inira
1354 1137 1457 1181 recon-

285 1219 370 1302 sebo,
393 1220 442 1280 bic
466 1219 540 1280 duas
563 1217 634 1278 alias
658 1235 707 1278 res
730 1224 816 1278 antea
839 1219 984 1296 attingere
1009 1221 1104 1280 visum
1127 1227 1181 1281 est.

376 1312 396 1394 β
429 1315 501 1380 103.
552 1315 691 1387 Quamvis
726 1319 791 1376 iure
823 1315 972 1376 levitatem
1005 1335 1108 1378 eorum
1140 1317 1372 1398 reprehendant,
1404 1321 1457 1398 qui

286 1417 384 1494 poetis
412 1415 502 1476 licere
531 1414 715 1476 arbitrentur
741 1433 866 1493 prorsus
894 1433 928 1475 ex
958 1413 1086 1476 ludibrio
1113 1418 1202 1476 metri
1229 1433 1316 1476 causa
1340 1416 1458 1495 linguae

286 1513 367 1592 leges
392 1531 448 1575 usu
472 1513 591 1574 dicendi
614 1515 742 1574 sancitas
766 1516 902 1595 migrare,
926 1513 982 1574 boc
1005 1521 1104 1576 umen
1122 1512 1168 1574 vel
1189 1513 1336 1575 Homerus
1354 1533 1458 1576 nume-

284 1630 385 1672 rorum
409 1613 581 1673 necessitati
604 1609 733 1670 dandum
756 1629 822 1672 esse
847 1613 973 1692 putavit,
1006 1620 1049 1690 ut,
1073 1614 1098 1672 si
1126 1630 1201 1692 quae
1225 1611 1314 1672 verba
1342 1615 1457 1693 integra

283 1720 380 1770 metro
403 1710 547 1790 dactylico
571 1707 683 1770 includi
707 1727 765 1770 non
789 1717 919 1789 possent,
942 1711 974 1772 in
998 1711 1208 1772 contrahendis
1236 1710 1386 1773 vocalibus
1417 1715 1456 1772 si·

282 1808 394 1870 militer
416 1815 506 1888 atque
529 1809 560 1870 iu
583 1805 724 1868 obsoletis
749 1808 851 1868 lormis
874 1807 1049 1870 adhibendis
1072 1807 1170 1888 paullo
1198 1811 1340 1870 maiorem
1367 1809 1455 1872 liber·

283 1914 373 1966 tatem
397 1905 455 1966 sibi
478 1913 611 1968 sumeret
634 1911 663 1966 et
690 1905 765 1966 dues
793 1907 935 1984 syrrizesis
967 1907 1045 1968 ultra
1077 1923 1166 1985 quam
1198 1905 1269 1966 alias
1300 1911 1457 1970 consuevit

284 2012 480 2086 promoveret.
518 2003 582 2076 Qun
614 2003 651 2064 de
674 2021 763 2064 causa
787 2004 945 2065 verborum
965 2007 1109 2066 creticum
1128 2005 1234 2082 pedem
1253 2005 1455 2089 efficientium,

283 2113 317 2168 ut
339 2099 508 2188 πρωτέων,
531 2111 583 2164 aut
604 2105 636 2162 in
660 2110 788 2183 quatuor
805 2102 943 2182 pluresve
963 2102 1088 2184 syllabas
1107 2102 1212 2163 breves
1231 2109 1455 2167 excurrentium

283 2204 328 2265 vel
352 2223 368 2264 a
391 2202 488 2264 tribus
506 2201 647 2263 brevibus
667 2203 885 2283 incipientium,
909 2209 943 2263 ut
970 2195 1188 2282 πρωτοπαγέα
1211 2209 1242 2261 et
1269 2198 1454 2283 κεφαλέων,

282 2302 409 2365 mediam
433 2300 572 2380 vocalem,
595 2301 621 2360 si
646 2298 738 2360 altera
764 2299 859 2360 vocali
882 2299 1094 2381 excipiebatur,
1118 2299 1233 2360 facilius
1257 2319 1345 2380 quam
1375 2309 1454 2363 cete·

282 2419 384 2463 rorum
416 2398 576 2461 verborum
607 2396 801 2459 contrahebat
823 2399 868 2459 vel
891 2397 1110 2479 pronuntiando
1134 2397 1289 2460 conflabat
1335 2399 1397 2481 Sic,
1420 2409 1457 2463 ut

283 2518 372 2579 supra
414 2501 472 2559 iam
514 2496 654 2577 vidimus,
696 2499 934 2558 terminationem
966 2515 1032 2575 gen.
1072 2495 1148 2574 plur.
1182 2497 1240 2555 nisi
1270 2499 1300 2557 in
1334 2501 1454 2558 creticis

282 2598 329 2658 vel
370 2598 520 2678 paeonicis
562 2594 746 2676 nominibus,
788 2593 869 2655 velut
908 2587 1059 2674 βουλέων
1100 2587 1250 2655 ναυτέων
1286 2590 1454 2676 ἐφετμέων

282 2691 454 2777 κεφαλέων
496 2685 647 2776 ἀγορέων
689 2683 843 2754 ὀθονέων
883 2685 1046 2754 πελεκέων
1079 2690 1255 2752 contrahere
1287 2693 1454 2756 verebatur.

284 2793 416 2854 Similem
462 2810 532 2853 vero
579 2792 799 2853 excusationem
844 2790 955 2852 babent
1000 2797 1168 2850 contractae
1214 2791 1325 2851 lormae
1366 2809 1451 2874 πρω-

281 2897 436 2970 τοπαγεῖς
454 2890 486 2951 Ε
503 2886 579 2968 194,
601 2883 819 2971 πρωτοπαγέα
842 2888 875 2948 Ω
893 2885 969 2966 267,
992 2883 1162 2966 αἰνοπαθῆ
1186 2899 1208 2948 σ
1226 2886 1307 2968 201,
1334 2886 1453 2971 τεμένη

282 2990 300 3049 λ
318 2984 392 3066 185,
407 2978 576 3070 ὑφερεφέοι
595 2986 616 3049 d
636 2983 710 3066 757,
725 2978 904 3070 ἀλλοέιθέο
923 3008 944 3048 ν
960 2981 1035 3064 194,
1059 2976 1194 3067 ἀσινέας
1212 2984 1231 3045 λ
1252 2983 1324 3047 110.
1338 3006 1362 3066 μ
1378 2985 1454 3068 137,

280 3079 435 3171 Ἀγέλέοις
457 3107 477 3166 χ
502 3083 573 3147 131.
597 3083 673 3164 247,
697 3081 872 3171 Βριάρέοιν
895 3089 926 3147 Α
948 3080 1026 3164 403,
1046 3074 1198 3164 Ἐρέβευς
1220 3085 1249 3146 0
1272 3083 1347 3148 368.
1367 3085 1454 3168 λ37,

281 3178 385 3260 ἀϊκῶς
403 3186 436 3247 Χ
451 3182 527 3264 336,
547 3176 689 3247 νεικεῦσ’
718 3187 747 3246 Y
762 3184 839 3266 254,
863 3180 1011 3248 εἰλεῦντο
1033 3183 1064 3244 Φ
1083 3181 1115 3262 8,
1135 3173 1310 3263 ὀχλεῦνται
1331 3185 1363 3245 Φ
1376 3182 1453 3264 261,

279 3281 428 3364 θηεῦντο
446 3283 485 3344 Η
499 3280 573 3344 444.
597 3283 631 3344 Κ
648 3279 725 3364 524,
749 3279 981 3365 σφαραγεῦντο
1001 3302 1013 3341 ι
1032 3277 1106 3341 390.
1129 3277 1206 3358 440,
1225 3275 1454 3362 γουνούμενος

283 3379 400 3445 0660.
424 3381 454 3442 Χ
467 3377 543 3458 240,
566 3376 767 3461 λελουμένος
785 3385 817 3444 Β
833 3380 865 3462 6,
889 3371 1097 3461 φοβεύμενος
1114 3374 1234 3458 0150,
1254 3371 1452 3461 αλρεύμενος

280 3480 320 3539 Π
343 3476 419 3559 353,
453 3470 645 3558 ἱκνεύμεναι
678 3501 689 3540 ι
714 3478 789 3559 128,
821 3468 1097 3557 ποντοπορούσης
1127 3478 1147 3537 λ
1173 3474 1224 3555 11,
1256 3474 1398 3559 θαρσῶν
1421 3477 1454 3538 Β

283 3577 361 3660 129,
390 3569 603 3663 ἀελπτέοντες
625 3580 664 3640 Η
683 3575 759 3657 310,
782 3573 986 3660 πλυνέουσαι
1010 3574 1027 3650 ζ
1048 3571 1102 3653 31,
1127 3565 1299 3658 ὁμαρτέων
1322 3575 1355 3636 st
1373 3573 1452 3654 438,

281 3671 528 3758 έοινοχοεύντες
550 3698 571 3757 γ
589 3675 666 3756 472,
690 3670 831 3762 οἰκέοιτο
852 3678 885 3738 Δ
905 3671 980 3751 181,
1002 3679 1152 3752 καμεῖται
1175 3674 1203 3735 Β
1223 3671 1299 3753 389,
1324 3664 1453 3754 ὀμεῖται

281 3775 303 3835 Ι
324 3773 401 3855 274,
434 3767 559 3838 ὀλεῖται
587 3777 615 3836 Β
639 3771 712 3837 325.
745 3775 784 3836 Η
802 3772 857 3854 91,
889 3777 1039 3854 μαχεῖται
1064 3771 1094 3828 Τ
1114 3767 1168 3851 26,
1201 3762 1454 3852 ἀμφιβαλεῦμαι

281 3895 299 3954 χ
325 3872 400 3953 103,
422 3865 636 3953 ἀγλαϊεῖσθαι
659 3873 693 3935 Κ
716 3870 792 3950 331,
815 3868 983 3952 κτεριοῦσι
1007 3867 1037 3928 Λ
1059 3863 1139 3949 455,
1162 3865 1300 3951 έρυοῦσι
1324 3868 1356 3930 Α
1377 3866 1453 3931 454.

282 3968 407 4034 0351.
431 3972 464 4033 Χ
483 3969 537 4051 67,
561 3969 729 4034 λωεεῦντα
751 3973 795 4033 Μ
813 3967 895 4048 283,
928 3963 1136 4049 έννέολργυιαι
1159 3965 1178 4026 λ
1202 3964 1277 4028 312.
1318 3967 1452 4047 Denique

280 4070 383 4131 eadem
402 4077 448 4131 est
466 4089 555 4131 causa
574 4073 725 4131 nominum
745 4089 812 4132 cum
832 4068 1051 4147 praepositione
1071 4067 1307 4146 coniunctorum,
1327 4073 1360 4126 ut
1374 4083 1452 4147 προ-

281 4161 425 4250 πάροιθε
443 4161 565 4241 πόλεως
582 4169 611 4228 Β
633 4165 707 4230 811.
733 4169 764 4230 Φ
782 4162 886 4248 567¹),
905 4168 963 4228 nisi
981 4165 1054 4226 baec
1079 4162 1168 4224 verba
1187 4164 1344 4224 emendare
1358 4161 1453 4226 malis.

369 4265 486 4344 5104.
523 4265 625 4327 Ultimi
648 4284 767 4346 quoque
795 4266 879 4344 pedis
907 4265 1074 4344 proprietas
1101 4261 1212 4341 ellecit,
1241 4269 1274 4322 ut
1302 4261 1391 4322 verba
1421 4263 1453 4321 in

354 4459 380 4524 1)
400 4454 466 4510 Sine
485 4455 539 4510 bae
557 4455 736 4512 excusatione
752 4455 893 4525 Theognis
914 4457 966 4510 tlt
984 4452 1068 4520 τῆσδε
1087 4445 1191 4512 πόλεως
1210 4448 1289 4506 dixit.
