3280 5104
723 383 965 446 -124-

346 541 427 620 §69
447 543 607 606 illisionem
623 548 653 605 in
669 547 726 606 line
737 544 900 606 hexametri
910 546 947 605 ab
958 546 1086 606 Homero
1097 547 1256 608 admissam
1267 547 1311 607 vel
1322 565 1427 608 versus

259 640 462 720 hypermetros
486 642 579 702 iactos
602 661 669 703 esse
692 645 809 722 negavit
828 643 861 703 G.
880 643 1076 724 Hermannus,
1100 644 1183 705 elem.
1198 663 1226 724 p.
1242 640 1315 724 351,
1339 647 1427 724 eique

258 747 287 798 et
314 741 377 817 ipse
406 741 437 799 in
464 757 530 800 meo
558 740 634 801 libro
663 741 699 800 de
727 748 789 802 arte
818 742 939 802 metrica
963 741 1145 802 Graecorum
1175 751 1206 802 et
1228 743 1427 803 Romanorum

257 836 432 914 astipulatus
456 855 530 900 sum.
568 839 606 898 ut
630 840 759 917 primum
784 840 892 900 mirum
911 847 957 900 est
977 848 1038 901 tres
1057 859 1162 901 versus
1180 842 1209 902 Θ
1223 838 1296 902 206.
1311 837 1341 909 Ξ
1353 837 1426 901 265.

255 933 288 994 Ω
310 933 388 1014 331,
412 937 463 1015 qui
486 943 554 998 ante
577 946 726 1016 receptam
753 938 877 998 sormam
900 934 971 1017 Ζῆν
994 937 1176 1018 1ιχμεειοειε1
1199 957 1265 999 esse
1289 939 1426 998 videban-

256 1041 314 1114 tur,
337 1035 576 1114 imcompositos
599 1053 675 1116 esse,
698 1042 732 1095 ut
754 1043 921 1096 extremum
941 1035 1115 1096 vocabulum
1136 1028 1231 1116 Ζῆν’,
1256 1036 1334 1116 quod
1354 1035 1427 1096 ller-

257 1148 383 1191 mannus
403 1129 474 1212 Ζῆν
493 1133 585 1193 scribi
608 1136 704 1213 iussit,
728 1152 744 1193 a
769 1133 860 1193 vocali
884 1135 1068 1212 insequentis
1092 1153 1196 1195 versus
1219 1137 1385 1213 excipiatur

194 1255 199 1264 ·
304 1226 418 1308 Τρῶας
440 1220 643 1293 ἀπώσασθαι
665 1225 720 1291 καὶ
744 1225 903 1311 ἐρυκέμεν
926 1221 1076 1311 εὐρύοπα
1100 1222 1195 1312 Ζῆν’,

300 1316 405 1388 αὐτοῦ
428 1320 459 1388 κ’
485 1318 560 1389 ἔνθ’
585 1319 742 1409 ἀκάχοιτο
766 1321 957 1410 καθήμενος
980 1319 1051 1402 olor
1074 1325 1111 1390 ἐν
1127 1322 1214 1411 Ἴδη·

300 1409 320 1502 ἦ
344 1417 410 1508 φῂς
432 1415 478 1499 ἀς
504 1421 673 1507 Τρώεσσιν
696 1417 858 1506 ἀρηξέμεν
881 1417 1031 1507 εὐρύοπα
1056 1417 1152 1506 Ζῆν’,

299 1514 344 1597 ὡς
361 1515 578 1606 Ἡρακλείέος
600 1517 805 1604 περιχώσατο
828 1515 948 1596 παιδὸς
971 1519 1053 1585 εὀίο·

298 1713 333 1792 ἐς
355 1718 473 1781 πεδίον
496 1714 720 1801 προφανέντε·
742 1712 851 1782 ίιδῶν
876 1713 906 1781 δ’
935 1715 1046 1800 ἐίιέησε
1069 1715 1221 1798 γέροντα.

255 1816 313 1876 Sed
343 1825 413 1877 sunl
441 1817 490 1878 alii
519 1836 636 1897 qnoque
665 1827 783 1898 uersus,
811 1817 988 1897 inquibus,
1017 1835 1085 1878 cum
1109 1817 1195 1895 vulgo
1220 1819 1334 1879 vocales
1358 1839 1426 1880 con·
1477 1821 1482 1830 “

255 1920 364 1974 tractas
388 1923 438 1976 ant
462 1915 594 1976 nltimam
619 1916 748 1976 vocalem
777 1916 861 1995 plane
885 1916 1029 1976 abiectam
1053 1934 1119 1975 esse
1148 1924 1295 1998 statuunt,
1324 1917 1426 1977 dubito

254 2031 291 2072 an
320 2015 432 2075 rectius
459 2014 620 2076 elisionem
641 2016 672 2074 in
705 2015 763 2074 fine
793 2031 897 2073 versus
925 2013 1081 2074 admissam
1111 2031 1176 2074 esse
1209 2013 1313 2095 ducas,
1348 2015 1427 2075 velut

255 2129 266 2168 ι
290 2107 363 2171 347.
392 2113 421 2172 Θ
442 2109 506 2174 487

299 2201 463 2288 Κύκλωψ,
486 2207 526 2290 τῇ
554 2207 607 2270 πίε
630 2211 760 2286 ίοῑνον,
785 2201 854 2269 ἐπεὶ
878 2201 984 2288 φύγες
1006 2199 1177 2289 ἀνδρόμεα
1196 2204 1276 2289 κρέα
1296 2203 1300 2291 l
1323 2202 1427 2291 ὄφρα·

303 2301 434 2385 Τρωσὶν
448 2301 509 2387 μίν
523 2298 554 2387 ῤ’
572 2297 751 2368 ἀίίκουσιν
766 2303 826 2367 ἔδυ
838 2297 1222 2386 φύος,.αύτάρἈχαιοῑσ’
1246 2301 1250 2387 l
1271 2298 1424 2387 ἀσπασίη.

343 2403 362 2480 ξ
388 2401 437 2465 70.
480 2404 594 2484 Hiatus,
617 2406 668 2483 qui
692 2413 776 2464 antea
796 2403 918 2463 Homeri
936 2405 1065 2463 earmina
1085 2405 1320 2485 inquinaverant,
1339 2405 1425 2484 longe

254 2499 400 2579 plurimos
428 2505 458 2563 in
486 2503 540 2563 bac
568 2502 697 2562 editione
726 2501 873 2580 digammo
901 2505 1040 2564 restituto
1069 2509 1199 2562 remotos
1222 2520 1288 2562 esse
1312 2503 1426 2564 videbis

254 2605 297 2678 et,
321 2600 347 2658 si
370 2599 416 2659 dis
439 2599 547 2680 placet,
571 2598 722 2678 gaudebis.
759 2599 857 2661 Ceteri
877 2618 996 2679 qaroque
1020 2599 1120 2661 hiatus
1138 2601 1235 2660 vitiosi
1259 2619 1318 2679 quo
1338 2601 1424 2662 niodo

253 2695 316 2755 tolli
340 2706 474 2777 possent,
498 2693 601 2764 sedulo
625 2699 655 2757 in
679 2697 919 2759 adnotationibus
942 2699 1052 2758 monui.
1098 2695 1175 2756 Vitio
1199 2706 1298 2757 atatem
1322 2717 1425 2760 carere

253 2811 305 2852 eos
336 2793 435 2855 hiatus
467 2803 553 2873 poeta
586 2804 705 2874 putasse
734 2796 862 2876 videtur,
891 2798 943 2875 qui
971 2803 1071 2855 essent
1099 2803 1168 2856 ante
1196 2813 1349 2856 caesuram
1379 2797 1424 2858 rel

253 2908 371 2968 gravem
395 2893 678 2974 interpunctionem,
701 2892 781 2954 velut

296 2977 370 3047 ἀλλ’
396 2978 540 3050 ἀκέουσα
562 2981 710 3070 κάθησο,
735 2987 801 3077 ἐμῷ
825 2983 857 3052 δ’
884 2987 1054 3052 ἐπιπείθεο
1078 2981 1178 3074 μύθῳ
1203 2984 1248 3072 (A
1272 2983 1364 3072 565)-

297 3075 371 3146 ἀλλ’
397 3077 476 3165 ὅγε
500 3078 675 3168 μερμήριζε
697 3080 780 3149 κατὰ
804 3083 926 3169 φρένα,
950 3079 994 3162 ὡς
1015 3079 1148 3167 Ἀχιλῆα
1171 3082 1215 3170 (Β
1238 3083 1289 3168 3)·

296 3175 390 3262 κεινὴ
416 3177 453 3246 δὲ
475 3177 659 3265 τρυφάλεια
682 3175 739 3264 ἀμ’
765 3181 879 3247 ἕσπετο
904 3179 989 3267 χειρὶ
1012 3185 1128 3268 παχείη
1153 3182 1200 3265 (Γ
1218 3181 1306 3271 376).
1427 3259 1431 3266 ,

252 3279 349 3341 Nihilo
382 3284 480 3342 secius
507 3284 595 3342 etiam
623 3282 670 3342 his
698 3281 771 3344 locis
794 3303 810 3343 a
837 3293 923 3362 poeta
952 3284 1065 3344 hiatum
1094 3301 1152 3343 non
1181 3288 1347 3362 quaesitum
1378 3288 1422 3347 val

253 3378 380 3458 benigne
403 3380 574 3460 admissum,
598 3381 649 3440 sed
674 3383 699 3440 si
723 3381 783 3441 ullo
807 3382 894 3442 modo
918 3383 983 3441 lieri
1004 3383 1109 3460 potuit,
1132 3383 1254 3442 vitatum
1274 3401 1340 3444 esse
1361 3389 1423 3446 veri

252 3476 348 3538 simile
372 3487 426 3538 est.
468 3476 531 3547 Qua
555 3477 591 3537 de
615 3497 702 3540 causa
727 3499 761 3541 ex
787 3483 875 3541 variis
899 3478 1077 3539 lectionibus
1100 3497 1163 3559 eas,
1190 3479 1300 3559 quibus
1324 3481 1423 3544 hiatus

251 3578 336 3636 naevi
363 3574 620 3656 abstergeremus,
641 3579 683 3638 ita
706 3578 797 3660 elegi,
820 3585 855 3640 ut
879 3578 924 3639 vel
947 3579 1084 3656 antiquas
1108 3577 1218 3638 formas
1242 3597 1413 3657 spernerem

251 3673 332 3735 velut
355 3674 386 3734 A
412 3670 483 3735 103.
507 3673 536 3732 Ρ
557 3671 634 3735 720:
1001 3709 1026 3743 o
1327 3743 1330 3750 ,

296 3770 347 3832 είν
375 3764 425 3833 ἑνὶ
454 3767 565 3856 δίφρφ
590 3763 706 3845 ἐόντας
728 3765 838 3856 (ἐόντε
862 3794 886 3835 v.
910 3769 954 3850 1.),
978 3763 996 3834 δ
1020 3766 1081 3853 μὲν
1104 3766 1211 3846 νόθος
1233 3765 1423 3856 ἡνιόχευεν·

295 3870 395 3932 ίῖοον
416 3860 530 3950 θυμὸν
549 3867 679 3950 ἔχοντες
698 3864 824 3952 (ἔχοντε
839 3890 864 3931 v.
879 3864 913 3955 l.)
928 3861 1112 3951 ὁμώνυμοι,
1132 3869 1167 3930 οἳ
1178 3864 1215 3933 τὸ
1231 3865 1337 3953 πόρος
1350 3891 1423 3954 περ.

251 3967 329 4028 Ηεεο
360 3984 479 4046 quoque
513 3983 600 4026 causa
633 3967 702 4048 luit,
735 3985 789 4026 cur
820 3970 1002 4048 ingeniosam
1031 3967 1154 4028 Nauckii
1186 3968 1421 4032 observationem

251 4063 389 4125 omnibus
408 4064 481 4125 locis
500 4058 546 4146 (A
566 4061 636 4125 129.
655 4065 684 4124 B
706 4061 776 4125 113.
797 4063 871 4128 288.
890 4067 921 4126 Ε
939 4063 1011 4127 716.
1031 4061 1153 4146 eati)
1171 4083 1226 4145 pro
1245 4057 1421 4150 εὐτείχεον,

252 4163 330 4242 qarod
355 4162 424 4224 libri
447 4161 600 4242 exhibent,
629 4152 788 4242 εύτειχία,
818 4162 896 4242 qnod
921 4163 1001 4240 leges
1024 4165 1230 4241 grammaticae
1255 4167 1422 4248 requirunt,

251 4260 308 4338 legi
331 4279 418 4338 posse
442 4261 577 4321 docentis
601 4263 736 4321 inmens
761 4279 833 4321 usus
856 4269 1029 4321 convertere
1053 4279 1111 4320 non
1136 4279 1226 4321 ausus
1248 4263 1313 4342 sim,
1337 4280 1421 4341 prae·

251 4359 353 4418 sertim
381 4377 450 4419 eum
474 4361 611 4419 iunctura
636 4349 782 4438 εύτειχεά
805 4348 1010 4420 ἀπονέεσθαι
1039 4377 1096 4418 non
1121 4358 1215 4418 solum
1240 4359 1336 4440 biatu,
1367 4361 1420 4421 sed

250 4456 338 4514 etiam
362 4456 477 4533 ingrato
502 4474 574 4515 sono
597 4457 719 4517 iteratae
743 4453 852 4516 vocalis
875 4475 895 4514 α
919 4454 1055 4515 offendat

1414 3630 1424 3662 ί
