3276 5090
638 421 856 485 „81-

251 586 383 664 Denique
411 601 531 646 carmen
554 593 704 664 octavum,
733 584 810 662 quod
833 575 1050 663 Ἐπιπώλησις
1074 587 1252 665 inscriptum
1277 594 1332 667 est,

162 695 262 746 utrum
285 686 427 744 continuo
451 702 519 744 curn
543 683 656 762 reliqua
681 688 764 761 parte
789 681 858 742 libri
881 684 979 761 quarti
1003 691 1143 760 panctum
1167 703 1204 744 an
1228 690 1331 762 postea

160 785 221 843 sive
244 781 282 842 ab
308 781 411 842 eodem
436 782 496 840 sive
520 781 556 840 ab
580 780 637 842 alio
660 788 746 859 pocta
769 779 916 839 intertum
939 780 1042 862 laverit,
1066 785 1171 842 merito
1195 783 1331 844 dubitare

161 882 259 957 possis
282 887 313 940 et
335 899 351 939 a
376 878 518 939 llocchlio
541 880 572 938 in
596 878 713 939 dissert.
739 877 821 936 llom.
845 875 882 934 lV
906 871 1021 956 (opusc.
1045 879 1057 938 l
1083 876 1123 939 73
1145 875 1225 959 sqq.)
1248 879 1331 941 dubi·

162 985 256 1038 tatum
280 986 334 1037 cst.
371 975 433 1054 Ego
456 995 525 1038 cum
548 983 710 1055 utrumque
734 977 799 1036 fieri
822 979 953 1055 potuerit
977 995 1031 1038 nec
1055 985 1135 1038 certa
1160 977 1332 1038 alterutrius

161 1078 326 1136 sententiae
355 1083 528 1154 argumenta
553 1073 653 1134 allerri
675 1091 763 1152 posse
787 1074 910 1155 videam,
928 1078 1114 1153 ‚coniungere
1139 1093 1226 1154 qoam
1250 1093 1331 1155 sepa·

162 1193 227 1234 rare
250 1181 352 1252 partes
375 1172 444 1233 libri
468 1173 566 1234 malui.

251 1269 272 1346 ξ
287 1267 338 1330 39.
371 1271 520 1351 Temperi,
536 1289 594 1350 quo
609 1269 747 1349 quodque
763 1286 881 1330 carmen
897 1273 1094 1349 compositum
1109 1289 1174 1331 csse
1190 1271 1333 1352 videatur,

162 1368 343 1446 explorando
366 1387 486 1447 operam
508 1367 611 1428 sedulo
632 1367 810 1446 navavimus,
833 1375 868 1426 ut
886 1366 921 1426 ad
941 1371 1144 1448 quaestionem
1164 1368 1200 1428 dc
1220 1369 1333 1447 origine

163 1463 262 1524 iliadis
295 1465 477 1526 enodandam
511 1468 587 1525 viam
619 1464 705 1525 nobis
735 1465 976 1543 patefaceremus
1024 1464 1118 1536 Quam
1148 1472 1247 1524 autem
1277 1464 1333 1524 boc

164 1564 365 1623 necessarium
392 1562 496 1640 luerit,
525 1579 560 1622 cx
589 1581 624 1622 eo
652 1565 709 1622 iam
738 1559 905 1642 intellegas,
933 1562 1011 1640 quod
1040 1561 1189 1640 explorata
1219 1562 1273 1622 bac
1301 1581 1334 1622 re

161 1657 270 1720 multae
304 1677 379 1737 quae
407 1659 503 1719 adhuc
532 1659 607 1719 latae
636 1669 706 1720 suut
734 1661 898 1720 sententiae
926 1661 1008 1737 ipsae
1038 1677 1092 1738 per
1120 1677 1152 1718 se
1181 1667 1334 1720 corruunt.

162 1755 246 1826 Quod
273 1775 314 1818 nc
334 1755 504 1834 singillatim
528 1775 700 1838 persequar,
724 1759 826 1836 paucis
850 1765 880 1818 et
903 1755 1070 1818 illustribus
1093 1756 1237 1834 exemplis
1256 1775 1334 1818 com·

161 1853 302 1933 probabo.
348 1853 481 1936 Woldus,
505 1855 579 1932 prol.
603 1873 628 1915 c.
652 1851 693 1914 31
720 1852 864 1931 multique
889 1855 945 1913 viri
968 1855 1048 1914 docti
1072 1873 1140 1915 eum
1164 1855 1259 1914 secuti
1283 1873 1334 1915 sex

161 1961 328 2031 postremas
366 1949 540 2030 rhapsodias
578 1971 595 2012 a
631 1959 717 2031 poeta
755 1950 853 2028 aliquo
886 1951 1020 2029 proxime
1052 1953 1239 2031 insequentis
1272 1955 1334 2014 aevi

160 2051 342 2128 compositas
373 2049 585 2128 veteribusque
614 2048 796 2110 carminibus
824 2047 937 2108 additas
966 2067 1032 2110 esse
1061 2059 1262 2111 censuerunt
1298 2053 1335 2112 At

162 2133 234 2207 baec
260 2148 424 2227 sententia,
451 2155 486 2208 ut
509 2146 563 2207 alia
587 2149 716 2226 mittam,
745 2148 804 2206 iam
827 2163 892 2205 eam
916 2145 954 2206 ob
978 2165 1097 2206 causam
1121 2155 1199 2208 stare
1224 2152 1336 2228 nequit,

162 2245 240 2323 quod
264 2243 343 2304 haud
367 2246 454 2323 pauci
478 2263 582 2304 versus
605 2243 750 2304 librorum
772 2241 803 2302 Φ
822 2251 853 2302 et
871 2243 904 2302 X
923 2246 1038 2304 auctori
1058 2244 1201 2306 librorum
1221 2247 1338 2308 ΘΙΚΣ

163 2341 297 2420 exemplo
322 2343 451 2402 luerunt.
497 2343 600 2422 Neque
624 2344 724 2402 minus
747 2339 868 2401 Grotius
892 2349 922 2402 ct
946 2340 1191 2404 Friedlaenderus
1215 2361 1231 2404 a
1255 2354 1336 2405 recta

165 2441 207 2498 via
227 2438 451 2520 aberraverunt,
470 2440 549 2520 quod
570 2437 763 2501 Achilleidem
783 2456 819 2497 ex
839 2437 923 2498 libris
943 2441 974 2498 A
994 2440 1023 2500 Θ
1042 2440 1151 2500 Λ-Χ
1167 2443 1336 2501 constitisse

163 2538 273 2614 opinati
294 2545 373 2596 sunt.
406 2537 484 2607 Orrid
504 2535 604 2598 euim?
624 2536 784 2596 latuisseue
805 2543 957 2596 auctorem
977 2539 1085 2597 veteris
1100 2535 1179 2596 illius
1194 2539 1337 2614 poematis

163 2633 259 2694 credis
288 2631 520 2715 libros·B-Z,
549 2653 585 2696 an
613 2633 779 2694 innotuisse
804 2633 845 2713 ei,
874 2634 926 2694 sed
950 2633 1062 2695 alienos
1085 2654 1101 2694 a
1124 2653 1179 2694 suo
1202 2642 1337 2714 poemate

164 2733 240 2792 visos
264 2728 353 2792 esse?
376 2731 450 2793 Nam
473 2743 541 2794 ante
561 2732 670 2793 librum
689 2733 718 2792 Θ
741 2748 792 2790 eos
816 2733 998 2809 compositos
1022 2749 1087 2792 esse
1112 2735 1137 2792 si
1162 2733 1232 2810 quid
1257 2731 1336 2793 aliud

164 2837 279 2890 certum
312 2835 342 2888 et
374 2829 581 2889 confirmatum
610 2837 664 2890 est.
673 2823 697 2909 ¹)
743 2826 817 2888 hud.
845 2827 994 2908 Kayserus
1023 2847 1141 2909 quoque
1170 2831 1200 2890 in
1229 2829 1337 2892 libellis

163 2925 357 3007 doctissimis,
382 2925 418 2986 dc
442 2924 654 3004 interpolatore
678 2924 835 2986 homerico
858 2933 889 2985 et
912 2927 948 2987 de
972 2928 1089 2988 diversa
1111 2926 1337 2989 Homericorum

163 3024 327 3084 carminum
351 3025 475 3104 origine,
500 3041 574 3102 ques
593 3023 743 3084 Usenerus
769 3039 853 3082 meus
873 3043 968 3104 nuper
987 3026 1103 3084 eximiis
1123 3025 1337 3104 supplementis

164 3128 266 3181 auctos
308 3120 405 3180 denuo
442 3120 548 3199 edidit,
591 3138 650 3180 non
690 3121 761 3180 satis
799 3120 911 3182 natales
949 3122 1135 3201 singulorum
1172 3125 1337 3184 carminum

164 3218 325 3298 indagavit,
359 3217 438 3296 quod
471 3221 497 3278 si
529 3219 664 3298 lecisset,
698 3235 796 3296 neque
829 3227 981 3279 auctorem
1009 3217 1108 3278 iliadis
1141 3237 1229 3297 saepe
1256 3219 1338 3280 locos

164 3315 313 3395 Odysseae
350 3316 498 3375 imitatum
534 3332 631 3394 neque
668 3313 767 3376 lliadis
806 3319 941 3394 quintum
979 3314 1089 3377 librum
1121 3317 1157 3376 ad
1190 3317 1339 3396 exemplar

254 3471 281 3537 l)
301 3469 362 3522 Hoc
380 3466 473 3538 ipsum
488 3467 594 3536 Anglus
610 3467 732 3534 Grotius,
752 3472 783 3522 ut
803 3471 863 3522 erat
881 3470 917 3524 ab
936 3471 1037 3538 arguta
1054 3469 1210 3525 subtilitate
1229 3473 1258 3526 ct
1277 3488 1338 3541 pcr-

164 3565 244 3604 vcrsa
258 3547 421 3618 opinatione
437 3547 654 3601 umbraticorum
669 3545 878 3617 philologorum
893 3547 1088 3618 alienissimus,
1103 3551 1174 3606 bene
1189 3550 1339 3616 sentiebat,

165 3645 227 3683 cum
252 3628 372 3696 diceret,
397 3627 506 3697 history
531 3627 563 3682 ol
583 3627 687 3682 Graece
711 3627 737 3680 11
760 3634 826 3683 285:
850 3629 899 3683 the
923 3631 1002 3698 parts
1026 3631 1117 3685 added
1141 3631 1272 3684 however
1290 3646 1337 3684 are

164 3713 215 3764 not
241 3709 401 3777 necessat-ly
424 3707 541 3764 inferior
564 3708 593 3762 iu
617 3707 702 3762 merit
724 3710 753 3764 to
776 3709 825 3762 the
850 3709 969 3779 original
992 3726 1089 3779 poem:
1118 3725 1148 3764 so
1173 3711 1216 3764 lar
1238 3709 1337 3764 isthic

105 3843 108 3852 ,
165 3789 236 3845 from
255 3788 341 3860 being
358 3790 408 3844 the
427 3806 501 3858 case,
520 3791 584 3844 that
602 3791 734 3859 amongst
753 3789 830 3842 them
849 3805 896 3842 ara
915 3787 1139 3858 comprehcndcd
1155 3804 1231 3843 some
1246 3789 1278 3844 ol
1289 3789 1338 3844 the

165 3870 275 3924 noblest
290 3867 385 3924 efforts
395 3870 426 3924 ol
435 3870 483 3926 the
493 3867 612 3924 Grecian
622 3868 698 3938 cpic3
708 3885 760 3924 nor
769 3885 817 3924 are
826 3867 894 3938 they
904 3885 980 3922 more
990 3871 1086 3924 recent
1095 3867 1125 3922 in
1135 3869 1199 3924 date
1209 3870 1279 3923 than
1290 3869 1337 3922 the

165 3947 298 4018 original,
317 3947 427 4017 strictly
446 3947 595 4020 speaking,
617 3949 684 4018 they
704 3952 779 4004 must
796 3947 832 4001 be
851 3965 869 4002 a
886 3947 961 4002 little
980 3964 1058 4003 more
1077 3949 1181 4015 recent,
1199 3946 1253 4000 but
1270 3947 1338 4016 they

165 4031 269 4098 belong
296 4031 327 4084 to
350 4029 399 4084 the
424 4045 499 4083 same
524 4029 688 4097 generation
710 4029 765 4083 and
789 4029 862 4082 state
886 4027 919 4082 ol
939 4027 1045 4096 society
1070 4043 1101 4082 as
1124 4028 1173 4080 the
1196 4025 1338 4094 primitive

165 4109 309 4164 Achilleis.
338 4108 377 4164 st
395 4127 430 4166 ne
449 4108 489 4164 sic
508 4107 621 4176 quidem
640 4109 736 4176 potest
752 4106 896 4176 explicari,
916 4109 990 4176 quod
1010 4109 1108 4161 auctor
1127 4104 1192 4159 libri
1212 4107 1237 4159 Θ
1251 4105 1338 4162 libros

166 4195 221 4244 B-
227 4193 261 4258 H,
279 4205 350 4257 qnos
364 4188 533 4244 recentiores
548 4189 601 4242 iste
616 4188 695 4255 dixit,
710 4187 838 4241 imitatus
853 4189 904 4242 est.
934 4186 1093 4251 Quadrato
1108 4183 1338 4240 Friedlaendcrus

164 4269 194 4323 in
224 4267 339 4338 egregio
362 4268 473 4334 libello,
500 4267 552 4322 Die
577 4265 759 4322 Homerische
783 4267 876 4323 Kritih
897 4282 952 4321 von
976 4265 1057 4319 Wcll
1076 4265 1120 4318 bis
1144 4265 1230 4321 Grote
1252 4285 1279 4336 p.
1304 4271 1338 4320 28

165 4349 285 4416 addidit,
303 4349 397 4403 utrum
416 4349 516 4402 horum
536 4348 689 4404 carminum
708 4348 786 4418 prins
805 4347 851 4415 sit,
870 4347 922 4401 hoc
942 4343 1083 4399 enucleari
1101 4362 1157 4400 non
1176 4363 1266 4416 posse,
1285 4347 1338 4400 hoc

165 4444 245 4498 spero
273 4427 333 4484 lore
359 4431 392 4482 ut
418 4428 461 4482 vir
484 4427 726 4496 praeclarissimus
750 4427 881 4498 perlectis
904 4427 948 4480 his
971 4425 1179 4496 prolegomenis
1203 4443 1257 4482 non
1281 4427 1336 4481 iam

167 4507 286 4579 amplias
304 4510 408 4563 teneat,

218 4609 286 4657 illas,
302 4606 336 4647 ed
351 4606 434 4646 Christ.
1109 4599 1124 4644 ss
