3276 5090
772 348 987 412 ..25-

294 519 324 572 et
347 507 524 573 508—515
547 530 563 570 a
586 511 715 572 diuersis
738 513 835 589 poetis
863 511 1013 596 proiectos
1037 529 1110 572 esse.
1120 505 1143 592 ¹)
1189 509 1269 571 Idem
1298 511 1361 572 lere
1384 511 1465 573 cadit
1530 501 1541 522 '

275 611 324 669 in
349 627 451 670 versus
476 609 507 670 A
531 606 726 689 tto-180,
751 609 784 670 Σ
807 606 999 690 tce-187,
1027 611 1057 670 Τ
1075 607 1238 672 90-136
1262 629 1317 670 nec
1345 628 1403 671 uon
1432 613 1464 670 in

294 724 397 768 versus
420 707 449 768 e
471 703 655 768 530—534
679 715 708 766 et
732 701 929 787 535-541,
953 707 991 768 N
1009 703 1191 769 114-115
1215 715 1245 768 et
1271 705 1463 789 116-119,

293 805 330 865 N
348 800 411 865 730
430 811 460 864 et
480 801 552 884 731,
571 804 593 865 Ι
610 800 785 865 318-319
805 812 835 864 et
854 801 927 885 320,
947 805 980 866 K
998 803 1342 886 49-50e151-52,
1362 825 1463 886 quam-

293 920 379 981 quam
403 905 434 962 in
458 902 504 963 bis
524 901 636 966 ultimis
655 901 727 962 locis
746 901 879 962 eiusdem
899 903 1060 982 particulae
1080 906 1218 983 repetitio
1237 903 1321 964 deest
1339 912 1370 964 et
1388 904 1464 966 alter

293 997 419 1080 ignisque
446 999 530 1060 loeus
559 1017 621 1060 rem
650 1001 742 1079 magis
770 1000 928 1080 amplificat
956 1019 1044 1080 quam
1070 1004 1213 1082 recoquit.
1259 1000 1363 1063 Totam
1392 1021 1463 1064 vero

292 1097 367 1158 banc
391 1109 505 1177 partem
529 1101 616 1160 crisis
640 1098 812 1159 Homericae
836 1101 954 1178 egregie
981 1098 1138 1160 illustrarit
1161 1099 1407 1162 Friedlaenderus
1431 1104 1463 1162 in

291 1195 443 1276 Philologo
466 1195 503 1256 lv
527 1193 700 1258 577-591
727 1204 757 1256 et
780 1199 809 1256 in
834 1197 935 1257 Annel.
959 1196 1030 1276 pbil.
1054 1198 1149 1276 suppl.
1169 1195 1208 1257 lll
1231 1195 1416 1260 473-479.

381 1294 481 1373 Longe
505 1277 591 1373 plura
615 1304 684 1356 sunt
707 1295 904 1356 additamenta
924 1297 968 1355 rei
986 1295 1172 1356 exornandae
1192 1303 1221 1355 et
1240 1296 1462 1374 exaggerandae

293 1411 380 1454 causa
405 1393 526 1454 adiecta.
573 1394 621 1454 Sic
645 1411 713 1454 cum
742 1395 891 1454 recentior
918 1399 1004 1471 poeta
1029 1395 1058 1452 in
1082 1393 1282 1472 descriptione
1307 1411 1459 1456 sacrarum
1486 1429 1490 1435 ·

292 1490 446 1568 epularum
471 1495 501 1551 A
524 1489 588 1553 467
604 1510 647 1572 sq.

401 1580 507 1668 adedo
532 1585 600 1651 ἐπεὶ
624 1582 795 1650 παύσαντο
819 1581 928 1650 αόνου
951 1584 1129 1649 τετύκοντο
1151 1607 1186 1649 τε
1210 1587 1322 1668 δαῖτα,

403 1677 554 1748 δαίνυντ’
581 1677 663 1748 mitt
683 1707 714 1746 τι
738 1677 847 1765 θυμὸς
871 1679 1001 1746 ἐδεύετο
1026 1679 1140 1758 δαιτὸς
1163 1681 1275 1766 ίίίσης

290 1787 451 1864 potationis
492 1793 521 1844 et
563 1784 726 1844 saltationis
768 1786 1076 1844 commemorationem
1117 1784 1314 1865 desideraret,
1355 1785 1462 1848 herum

288 1901 406 1962 quoque
444 1900 545 1943 rerum
583 1884 797 1960 expositionem
835 1884 914 1942 tritis
949 1881 1046 1942 verbis
1083 1885 1289 1944 concinnatam
1323 1883 1461 1946 versibus

293 1983 324 2040 A
348 1977 533 2040 469-4‘14
561 1979 682 2061 adiecit,
713 1982 751 2041 ita
781 1988 879 2040 tamen
909 1989 941 2040 ut
968 1981 1069 2058 inepto
1097 1981 1225 2040 transitu
1253 1971 1361 2061 αὐτὰρ
1391 1975 1462 2042 ἐπεὶ

291 2073 407 2150 πόσιος
434 2071 487 2138 καὶ
518 2071 656 2157 ἐδητύος
685 2071 717 2151 ἐξ
746 2075 824 2156 ἔρον
852 2071 927 2138 ἕντο
957 2076 1104 2138 infelicem
1134 2080 1312 2138 imitatorem
1336 2097 1368 2138 se
1392 2098 1460 2159 pro-

291 2175 382 2236 deret.
421 2175 558 2236 Facetias
582 2193 644 2236 rem
669 2177 761 2254 gessit
784 2173 980 2253 interpolator
1001 2193 1140 2237 versuum
1160 2176 1181 2236 I
1198 2171 1384 2256 380-384,
1408 2180 1461 2256 qui

291 2291 358 2332 cum
383 2275 413 2333 in
437 2272 564 2352 simplici
588 2275 773 2354 recusatione
798 2272 942 2334 donorum
967 2270 1032 2334 379
1057 2283 1086 2334 et
1109 2269 1285 2334 385-386

424 2361 498 2432 οὐδ’
525 2373 558 2431 εί
577 2390 633 2452 μοι
657 2367 787 2444 δεκάκις
810 2365 865 2430 καὶ
890 2366 1092 2444 ἐίεικοσύκτς
1114 2363 1196 2432 τόσα
1220 2367 1311 2450 δοίη,

422 2459 496 2530 οὐδ’
522 2471 554 2530 el
574 2489 631 2549 μοι
654 2461 736 2530 τόσα
760 2466 836 2548 δοίη
862 2459 926 2529 ὅσα
949 2461 1108 2546 ψάμαθός
1130 2487 1164 2529 τε
1188 2460 1281 2542 κόνις
1303 2489 1351 2547 τε,

422 2556 504 2627 οὐδέ
524 2586 581 2626 κεν
606 2551 651 2639 οἷς
674 2565 721 2628 ἔτι
745 2558 860 2647 θυμὸν
884 2557 965 2647 ἐμὸν
987 2559 1104 2626 πείσει’
1129 2557 1343 2645 Ἀγαμέμνων

288 2681 346 2728 uon
376 2665 622 2743 acquiescendum
652 2681 718 2724 esse
747 2673 893 2744 putasset,
925 2665 1090 2724 interiectis
1119 2662 1253 2723 versibus
1281 2661 1460 2728 380-384

287 2761 404 2820 divitias
427 2759 595 2821 Thebarum
620 2761 829 2841 Aegyptiarum
853 2770 884 2823 et
902 2760 1077 2822 Orchomeni
1102 2759 1244 2840 Minyeiee
1269 2762 1458 2840 praedicavit.

287 2856 405 2917 lllodnm
424 2875 494 2916 vero
518 2867 617 2936 gratae
642 2858 840 2938 simplicitatis
863 2859 980 2920 excedit
999 2857 1111 2919 tumida
1131 2861 1317 2936 exaggeratio
1336 2859 1457 2922 Achillis

287 2955 426 3017 dentibus
450 2973 519 3035 prae
544 2955 644 3015 lurore
667 2956 832 3017 frendentis
860 2957 889 3016 T
908 2953 1154 3037 365-368‚,ec
1177 2955 1315 3016 omnibus
1338 2958 1457 3018 Achivis

287 3056 519 3115 internecionem
539 3056 731 3134 imprecantis
746 3056 778 3115 ll
793 3051 961 3134 97—1003
980 3073 1034 3114 nec
1050 3056 1111 3114 scio
1131 3071 1168 3114 an
1187 3054 1275 3114 etiam
1295 3054 1457 3136 descriptio

287 3151 429 3230 Apollinis
454 3151 588 3212 Patroclo
612 3152 757 3213 cassidem
781 3154 937 3214 deicientis
960 3161 989 3211 et
1013 3151 1126 3212 hastam
1151 3151 1313 3230 frangentis
1337 3161 1367 3214 et
1390 3172 1456 3216 scn-

286 3256 348 3309 tum
373 3252 509 3311 eruentis
529 3246 752 3318 11793-804
772 3250 807 3310 ad
832 3250 910 3310 idem
930 3249 1124 3328 exaggerandi
1145 3248 1276 3309 studium
1300 3253 1456 3329 pertineat.

374 3347 506 3426 [lenique
525 3348 622 3408 Aiacis
646 3355 675 3407 et
697 3347 831 3408 Nestoris
854 3347 956 3408 leudes
980 3349 1082 3424 inique
1105 3346 1256 3425 neglectae
1281 3348 1458 3410 ridebantur

285 3444 503 3525 interpolatori,
528 3447 579 3524 qui
602 3463 706 3506 versus
725 3445 753 3505 Β
773 3443 958 3526 uns-530,
978 3446 1015 3504 Π
1030 3440 1215 3524 358—363,
1236 3442 1456 3510 Pube-373

285 3543 461 3604 intexendos
484 3545 606 3602 curarit.
644 3542 686 3602 ld
711 3551 894 3621 postremum
919 3543 1001 3603 brevi
1021 3559 1125 3602 moneo
1146 3559 1249 3602 versus
1269 3543 1295 3602 Z
1314 3541 1456 3619 29-36,

286 3642 316 3700 Α
333 3635 516 3717 163-164,
536 3640 573 3699 Ν
588 3635 773 3720 esc—659,
793 3641 830 3700 N
843 3637 1027 3719 tes-754,
1047 3640 1080 3698 Σ
1096 3637 1278 3721 tel-186,
1305 3641 1334 3700 Τ
1348 3641 1451 3703 181-

288 3735 363 3816 183,
395 3737 425 3796 T
444 3734 628 3799 282--303
655 3736 743 3798 simili
771 3740 885 3798 ratione
914 3737 1029 3798 additos
1057 3755 1136 3817 esse,
1164 3754 1292 3816 quorum
1321 3739 1456 3802 nonnulli

285 3835 340 3896 alio
369 3853 487 3914 quoque
516 3837 647 3916 nomine,
675 3844 708 3895 ut
736 3834 810 3895 inlra
830 3834 1112 3915 demonstrabimus,
1141 3836 1340 3914 suspicionem
1365 3840 1454 3899 iuter·

285 3933 441 4011 polationis
478 3941 611 4013 merent,
648 3931 781 4011 plerique
819 3933 1023 3992 commissuris
1059 3933 1202 3992 orationis
1238 3932 1313 3994 male
1351 3934 1454 3996 laxatis

285 4033 480 4092 recentiorem
510 4032 653 4110 originem
681 4029 819 4107 produnt.
866 4028 973 4091 'lotum
1002 4040 1100 4090 autem
1129 4028 1185 4090 hoo
1214 4031 1345 4092 studium
1374 4031 1454 4094 locos

377 4196 402 4260 1)
422 4193 557 4248 Similiter
580 4192 608 4246 in
628 4193 753 4262 Odyssea
776 4191 906 4260 repetitio
929 4191 1053 4246 eiusdem
1073 4209 1169 4246 uersus
1187 4193 1343 4249 transitorii
1362 4215 1383 4248 π
1401 4202 1451 4250 281

284 4275 313 4325 et
331 4293 351 4326 α
371 4279 422 4328 299
442 4275 610 4328 documento
630 4275 673 4328 est
692 4291 786 4327 versus
805 4293 825 4326 π
844 4277 1007 4338 281-298,
1032 4291 1102 4342 quos
1126 4277 1201 4327 reete
1220 4273 1277 4329 iam
1297 4275 1453 4330 Zenodotue

284 4352 408 4416 noterit,
430 4354 466 4406 ab
490 4352 692 4422 interpolatore
711 4353 822 4408 additos
841 4368 913 4420 esse,
938 4353 1012 4422 quod
1031 4353 1160 4408 similiter
1179 4354 1282 4408 factum
1303 4357 1346 4408 est
1365 4375 1382 4422 η
1403 4358 1453 4408 184

285 4433 316 4493 α,
332 4450 349 4498 η
368 4435 428 4497 ees,
447 4435 470 4484 o
488 4439 522 4486 ea
541 4433 571 4487 ec
588 4437 611 4485 e
629 4439 690 4504 sm,
709 4436 723 4500 ε
744 4439 793 4488 ττι
815 4433 876 4500 ετξ
898 4437 955 4504 xes,
975 4454 989 4488 τ
1011 4440 1023 4488 1
1044 4434 1073 4487 et
1091 4453 1106 4488 τ
1124 4438 1165 4486 τι.
