3306 5070
647 373 888 437 —181-

180 533 426 608 conformaverit,
460 535 489 594 in
523 533 621 595 medio
653 534 823 615 relinquere
857 537 950 598 satius
984 536 1063 598 duxi.
1111 537 1243 618 Denique
1278 541 1356 602 iacil-

181 632 250 692 hmn
275 633 390 693 ratione
414 635 637 702 contractiones
660 635 805 694 revocatis
829 635 936 713 priscis
966 635 1069 696 iormis
1097 623 1146 698 ob
1174 638 1207 698 Χ
1227 635 1300 700 302.
1326 640 1358 698 Σ

184 727 255 792 144.
279 727 361 811 458,
383 717 453 804 υἷες
476 731 507 792 Ε
527 729 602 794 464.
630 751 656 792 ω
681 729 744 793 387
770 730 814 792 vei
838 732 968 794 diductis
990 727 1067 811 otto,
1092 727 1179 807 υἱέες
1205 735 1233 794 t‘
1254 733 1305 797 81.
1330 757 1356 797 oa

179 825 245 890 497
280 831 428 890 removeri
454 839 594 909 possunt;
627 827 807 908 relinquitur
834 830 916 892 scius
950 849 1053 892 versus
1082 851 1100 892 o
1128 829 1192 894 248
1225 830 1287 894 τοῦ
1320 825 1353 894 δ’

179 921 264 1000 υἱεῖς
292 921 464 1006 ἐγένοντο,
492 930 522 988 in
552 945 610 1007 quo
638 929 739 988 nescio
768 945 805 988 an
828 938 909 988 recte
933 916 1176 1014 Nauclriusvlsg
1199 926 1354 1010 ἐγένοντο

180 1026 380 1104 proposuerit.

269 1121 394 1184 Nomina
417 1124 449 1183 in
472 1115 529 1196 εύς
552 1141 612 1184 uno
636 1123 701 1184 loco
724 1122 822 1184 ultimi
839 1122 987 1201 Odysseae
1011 1123 1079 1184 lihri
1099 1144 1125 1184 ω
1145 1123 1209 1188 398
1230 1137 1354 1206 excepto

180 1239 342 1300 numquam
377 1220 508 1302 vocales,
551 1229 653 1300 utpote
691 1239 767 1300 quac
803 1221 951 1300 digammo
989 1223 1153 1301 antiquitus
1190 1223 1354 1286 disiunctae

180 1319 305 1399 inerim,
333 1321 516 1380 contraxisse
539 1337 594 1398 pro
618 1325 701 1380 certo
725 1319 819 1381 habeo
842 1337 939 1398 neque
959 1318 995 1379 de
1021 1321 1138 1399 paucis,
1166 1323 1218 1400 qui
1240 1322 1353 1384 obstre-

179 1425 263 1498 punt,
283 1415 453 1477 nominibus
472 1416 663 1478 emendandis
679 1413 787 1490 λυπεῖς
806 1418 837 1476 Λ
853 1413 926 1498 151,
949 1413 1040 1496 Τυδῆ
1056 1417 1089 1476 Δ
1104 1414 1178 1500 384,
1198 1419 1353 1502 Μηκιστῆ

179 1515 207 1575 0
235 1511 315 1593 339,
344 1515 479 1591 Πορθεῑ
504 1509 535 1583 Ξ
557 1512 633 1595 115,
659 1505 801 1594 Ἀχιλλεῖ
825 1515 863 1575 Ψ
885 1510 962 1597 792,
991 1509 1122 1596 Πηλέος
1149 1513 1204 1579 vit
1224 1521 1256 1580 A
1278 1517 1353 1581 489.

181 1612 212 1672 Τ
240 1610 321 1692 216,
354 1607 543 1693 Μηκιστέος
575 1604 649 1699 υλός
672 1612 700 1673 Β
723 1607 798 1675 565.
832 1614 870 1674 Ψ
895 1610 974 1694 678,
1007 1631 1123 1675 necnon
1150 1608 1211 1698 νέᾳ
1239 1637 1250 1677 ι
1278 1615 1353 1697 283,

175 1701 330 1771 Ὀδυσσεῖ
354 1729 370 1769 ε
397 1705 472 1770 398.
500 1730 521 1770 ν
550 1705 606 1790 35,
632 1700 750 1789 Ὀδυσῆ
778 1729 797 1769 ι
826 1707 889 1772 136
918 1710 1135 1789 desperandum
1164 1731 1229 1774 esse
1257 1714 1351 1775 video.

267 1806 427 1868 Nominum
450 1809 480 1868 in
505 1799 549 1880 αἱς
569 1815 736 1868 contractas
756 1806 865 1868 iormas
882 1797 981 1882 Ἠοῦς
997 1798 1062 1869 'Hoi
1082 1806 1201 1884 αἰδοῦς
1220 1809 1352 1890 Λητοῦς

176 1903 262 1985 ἱδρῶ
291 1922 363 1966 num
396 1904 557 1966 dissolvere
581 1904 667 1967 nohis
691 1905 791 1985 liceat,
819 1905 957 1984 equidem
981 1907 1028 1964 vix
1052 1907 1224 1969 discernere
1248 1909 1351 1970 audeo.

174 2003 259 2065 lusto
287 2003 405 2083 longius
431 2020 624 2082 progressum
652 2021 717 2064 esse
746 2001 924 2083 Naucirium,
951 2021 1019 2064 eum
1047 2001 1208 2067 Homerum
1237 2024 1252 2066 a
1281 2024 1350 2066 con·

174 2104 322 2164 mantione
359 2101 466 2163 horum
499 2120 618 2180 quoque
651 2103 802 2162 nominum
835 2099 1026 2162 abhorruisse
1062 2100 1190 2183 diceret,
1226 2110 1348 2182 apparet

173 2220 211 2262 ex
244 2200 349 2260 turmis
376 2189 460 2280 ἠοῦς
486 2201 515 2260 Θ
541 2197 617 2261 479.
646 2195 719 2260 525.
749 2196 770 2260 δ
799 2197 876 2272 188,
909 2195 1027 2271 αἰδοῦς
1055 2217 1077 2258 υ
1105 2197 1182 2280 171,
1217 2197 1351 2280 Λητοῦς

175 2303 208 2360 A
231 2297 261 2360 9.
284 2295 315 2368 Ξ
336 2295 415 2376 327,
443 2298 562 2360 Πυθοῖ
584 2299 606 2358 Ι
626 2295 701 2360 405.
724 2300 751 2359 θ
774 2294 830 2376 80,
858 2303 966 2377 χρειοῖ
986 2297 1015 2357 Θ
1038 2292 1094 2376 57,
1119 2293 1202 2378 [δρῶ
1227 2299 1257 2358 Ρ
1277 2295 1350 2378 745,

175 2389 328 2470 Καλυψώ
362 2403 387 2470 ψ
419 2393 484 2458 333
522 2395 611 2456 nuliis
644 2395 788 2456 machinis
825 2394 1004 2455 amovendis.
1058 2394 1155 2456 Altera
1192 2415 1227 2458 ex
1265 2409 1349 2474 parte

53 2529 58 2538 ·
172 2496 337 2557 contractis
365 2494 469 2554 formis
493 2501 551 2555 tam
576 2492 700 2554 hebetes
724 2493 800 2554 tiunt
823 2495 941 2554 numeri
964 2492 1175 2554 nonnullorum
1199 2511 1348 2575 versuum,

172 2591 255 2653 velut
280 2591 312 2653 K
333 2588 400 2655 572
423 2600 453 2652 et
476 2587 542 2654 574

310 2715 407 2786 αὐτοὶ
431 2713 462 2786 δ’
489 2719 572 2804 ἱδρῶ
596 2716 723 2786 πολλὸν
747 2713 962 2799 ἆπενυίζοντο
981 2716 1153 2806 θαλάσσῃ,

308 2813 415 2902 αὐτὰρ
439 2818 513 2884 ἐπεί
532 2834 616 2902 σφιν
639 2819 727 2901 κῦμα
749 2813 925 2901 θαλάσσης
948 2817 1031 2903 ἱδρῶ
1054 2814 1198 2900 πολλόν,

171 2967 205 3020 ut
228 2956 369 3018 audaciae
393 2973 483 3035 quem
506 2953 690 3034 stupiditatis
714 2957 827 3015 crimen
851 2953 953 3015 subire
978 2953 1141 3016 maluerim.

262 3043 375 3133 ἡμέων
407 3043 519 3134 ὑμέων
552 3070 620 3113 cum
653 3051 710 3112 alio
742 3051 830 3112 modo
858 3055 958 3114 versui
986 3051 1099 3113 includi
1127 3071 1185 3113 non
1214 3061 1346 3134 possent,

171 3153 246 3214 duas
272 3149 387 3210 vocales
411 3169 453 3211 sm
473 3149 649 3211 contrahere
669 3150 714 3211 vel
733 3151 860 3230 synizesi
879 3149 1007 3210 conflare
1027 3168 1062 3210 eo
1082 3152 1180 3211 miuus
1199 3149 1346 3212 homerus

173 3251 327 3313 dubitasse
352 3248 477 3329 videtur,
502 3247 579 3327 quod
604 3249 693 3308 etiam
716 3248 808 3308 dativi
830 3237 934 3327 ἄμμιν
958 3255 988 3307 et
1007 3238 1112 3327 ὔμμιν
1132 3246 1202 3308 elisa
1223 3248 1267 3308 sei
1286 3267 1346 3309 non
1376 3257 1378 3262 '

172 3351 330 3412 interiecta
350 3345 442 3406 vocali
460 3365 475 3407 s
495 3346 611 3406 formati
633 3354 725 3404 erant.
764 3344 919 3406 Praeterea
934 3335 1023 3424 σφάς
1038 3363 1096 3405 non
1111 3339 1216 3426 σφέας
1230 3348 1346 3424 scripsi,

173 3449 243 3528 quia
268 3437 357 3527 σφας
379 3443 411 3504 Ε
432 3439 496 3504 567
521 3451 551 3503 et
574 3426 660 3523 ἧμας
681 3459 706 3502 α
728 3439 793 3508 372
817 3439 957 3522 syllabam
981 3461 1020 3514 ας
1043 3445 1264 3521 corripuerunt.

262 3568 290 3646 fi,
309 3565 381 3630 108.
426 3558 591 3628 Verborum
615 3574 836 3626 contractorum
862 3566 973 3626 iormae
997 3565 1119 3628 solutae.

262 3665 357 3727 Verba
380 3672 532 3726 contracta
551 3664 674 3725 Homeri
696 3663 881 3742 temporibus
905 3662 1021 3724 vocales
1044 3683 1076 3726 ss
1100 3682 1187 3745 saepe
1209 3665 1345 3727 diductas

171 3765 330 3830 servabant
358 3771 388 3824 et
415 3762 530 3824 vocales
559 3782 594 3825 ιο
618 3781 741 3842 perraro
766 3781 821 3824 nec
845 3764 903 3824 nisi
926 3765 1017 3823 certis
1042 3781 1146 3823 versus
1170 3762 1290 3824 sedibus
1314 3766 1345 3824 iu

170 3864 270 3925 iliadis
293 3863 424 3940 antiquis
447 3860 630 3930 carminibus
653 3860 873 3922 contrahebant
910 3859 982 3920 lnde
1006 3862 1032 3920 si
1055 3877 1113 3938 quo
1132 3861 1197 3920 loco
1217 3869 1344 3923 metrum

171 3961 308 4022 diductas
335 3956 451 4019 vocales
480 3977 538 4018 non
568 3958 663 4019 solum
692 3958 878 4040 admittebat,
909 3958 960 4018 sed
989 3959 1077 4018 etiam
1110 3959 1344 4040 commendabat,

171 4059 308 4121 codicum
327 4057 496 4118 auctoritati
516 4074 575 4116 non
595 4059 635 4117 ita
654 4055 765 4117 addicti
784 4056 903 4133 inimus,
926 4063 960 4116 ut
979 4054 1097 4132 formas,
1122 4072 1195 4132 quas
1214 4052 1343 4118 idomero

172 4161 263 4238 magis
297 4159 327 4216 in
357 4173 414 4214 usu
442 4153 534 4214 tuisse
562 4171 808 4233 cognoveramus,
842 4155 1001 4214 restituere
1030 4153 1115 4210 veriti
1144 4152 1247 4212 simus.
1294 4154 1344 4215 Sic

171 4256 361 4336 probavimus
390 4259 419 4312 et
446 4253 615 4332 recepimus
630 4244 683 4332 ,μή
707 4271 764 4331 μοι
789 4243 927 4331 σύγχεδε
952 4241 1081 4330 (σύγχει
1105 4246 1205 4328 codd.)
1228 4243 1343 4330 θυμόν

171 4354 192 4415 Ι
218 4350 297 4432 612,
332 4348 446 4431 ἑρρελε
481 4343 583 4430 (ἔρρει
616 4341 715 4430 codd.)
749 4339 780 4409 d’
816 4334 897 4426 αἷμα
926 4346 955 4405 Ρ
979 4341 1034 4427 86,
1066 4333 1140 4405 ἄλλ’
1176 4335 1237 4428 οὐχ
1267 4337 1344 4430 ᾕρεε

171 4441 257 4534 (ᾕρει
286 4439 387 4530 οοδδ.)
411 4443 525 4527 φῶτας
548 4447 577 4506 Ρ
595 4443 675 4528 463,
702 4436 849 4526 ἠνώγειν
872 4434 1033 4528 (ἠνώγειν
1056 4439 1156 4526 οοδδ.)
1180 4436 1342 4524 ἰήσασθαι
