3280 5104
632 391 875 454 -169-

165 555 269 616 initiali
297 555 454 616 destitutas
485 553 593 616 ἔλοιιιε
621 552 738 635 έλοργε
767 554 890 616 έλολπα
921 555 1059 616 serendas
1082 557 1212 634 putarim
1241 572 1338 633 neque

163 647 291 734 λιλάχω
311 645 462 714 ἀπέλωσε
480 644 629 736 ἀνέλῳγε
649 654 830 734 scripserim,
854 671 943 733 snpra
962 655 1020 712 iam
1040 654 1211 731 significavi.

253 746 287 835 3)
313 751 454 811 Siculus
481 749 566 811 verbi
594 751 738 829 digamma
767 753 797 811 in
826 771 848 811 ν
876 759 1020 812 mutatum
1050 759 1159 832 exstat,
1188 750 1218 811 id
1247 751 1338 811 docu-

165 857 264 910 mento
306 856 353 910 est
393 858 508 910 ceteras
549 849 681 910 eiusdem
723 849 826 926 stirpis
864 849 975 910 lormas
1016 848 1163 927 digammo
1205 849 1339 909 nondum

164 965 289 1027 prorsus
313 947 470 1008 destitutas
494 947 594 1007 luisse.
645 946 694 1009 Sic
718 963 786 1007 oum
815 965 902 1026 saepe
929 946 1077 1008 Homerus
1100 945 1218 1027 ἔχευαν
1246 945 1338 1027 ἔχευε

165 1044 259 1127 χεῦαι
282 1035 425 1126 ἠλεύατο
444 1036 631 1107 ἀλεύασθαι
651 1035 783 1107 ἐδεύετο
807 1035 945 1123 έδεύησε
960 1045 1077 1125 dixerit,
1096 1045 1222 1106 eundem
1246 1043 1338 1125 έχελε

166 1163 222 1205 non
247 1142 326 1224 ἕχεε,
349 1135 536 1205 ἀλέλασθαι
556 1162 615 1205 non
638 1134 815 1220 ἀλέασθαι,
843 1135 965 1222 ἀέλησε
989 1163 1047 1204 non
1072 1135 1180 1223 δέησε,
1205 1133 1337 1218 ἀλέξετο

166 1261 223 1302 non
247 1233 360 1316 ἀέξετο
384 1241 495 1302 dixisse
519 1241 699 1302 verisimile
723 1259 789 1302 esse
813 1241 1016 1303 iudicavimus.
1053 1240 1132 1302 Haec
1151 1249 1250 1301 autem
1269 1259 1338 1301 cnm

166 1343 346 1422 statuissem,
370 1359 556 1419 consequeus
580 1339 650 1422 luit,
677 1348 711 1401 ut
735 1342 822 1400 etiam
847 1331 937 1421 χέλει
964 1347 994 1400 et
1017 1340 1052 1400 ad
1082 1341 1147 1399 eius
1175 1338 1338 1418 analogiam

166 1433 254 1519 ρέλει
268 1431 458 1512 πλελούσας
471 1431 587 1500 θέλων
604 1437 744 1500 έννελον
760 1433 829 1513 ξέλε
848 1457 904 1500 uec
923 1457 982 1499 non
1001 1429 1148 1518 ῥέλεθρα
1167 1432 1339 1518 ίοχέλαιρα

165 1530 281 1610 ιιλέλος
304 1528 481 1617 έυρρελέος
503 1535 676 1598 scriberem.
714 1537 823 1597 Contra
843 1539 995 1598 nominum
1015 1528 1095 1615 ῥόος
1113 1527 1175 1616 glor}
1195 1528 1340 1617 πρόχοος

166 1635 305 1714 digammi
326 1636 383 1695 vim
408 1635 497 1696 surda
511 1635 605 1696 vocali
624 1655 642 1695 o
662 1633 831 1715 absorptam
846 1653 911 1695 esse
927 1643 978 1696 tuo
992 1635 1058 1694 iure
1073 1636 1219 1714 suspicari
1232 1637 1340 1713 possis,

165 1751 343 1812 quamquam
362 1731 588 1792 HPOFAIZI
600 1734 631 1792 in
650 1733 737 1793 titulo
756 1732 920 1812 Corcyraeo
944 1741 1098 1793 exaratum
1122 1738 1226 1792 exstat.
1257 1730 1339 1792 ldem

164 1833 259 1891 tutius
287 1849 354 1890 esse
382 1830 508 1891 iudicavi
537 1830 693 1892 lectionem
718 1831 853 1891 codicum
878 1825 1059 1912 ένρρείταο,
1077 1831 1216 1890 intactam
1250 1828 1338 1889 relin-

165 1949 256 2009 quere
285 1947 383 2008 neque
411 1927 559 2008 analogiae
588 1937 618 1990 et
645 1927 838 2009 etymologiae
866 1931 895 1988 vi
922 1946 957 1989 eo
987 1945 1034 1988 mc
1066 1925 1201 2006 protrahi
1232 1945 1340 2005 passus

165 2047 243 2109 srnn,
268 2035 302 2088 ut
326 2029 414 2088 etiam
437 2019 545 2100 θολός
567 2019 669 2099 σόλος
690 2018 793 2106 βολύς
815 2023 922 2107 νῆλας
944 2027 1104 2086 restituere
1128 2026 1276 2088 auderem.

253 2126 331 2186 Num
356 2125 464 2186 vocalis
488 2147 500 2186 ι
524 2127 554 2185 in
578 2125 675 2186 locum
699 2125 839 2204 digammi
867 2124 1027 2185 substituta
1056 2131 1086 2184 et
1113 2126 1177 2203 ipsa
1201 2126 1340 2205 digammi
1399 2123 1401 2129 ’

165 2228 319 2285 etiamtum
343 2226 470 2302 vigentis
493 2227 579 2285 testis
599 2226 646 2304 sit,
669 2225 776 2284 merito
795 2225 893 2303 possis
912 2222 1057 2283 dubitare.
1095 2221 1241 2302 Equidem
1260 2231 1339 2283 tran-

166 2325 255 2383 situm
280 2321 363 2383 illum
392 2323 532 2400 digammi
556 2322 658 2382 lormis
687 2324 768 2395 οίιες
791 2340 845 2400 pro
874 2313 963 2394 ὅλιες
987 2342 998 2381 ι
1022 2317 1103 2400 425,
1133 2315 1257 2393 οἰέτεας
1284 2339 1339 2400 pro

167 2413 300 2494 ὀλέτεας
333 2421 361 2481 Β
386 2417 465 2498 765,
502 2407 706 2501 Λειιύιιριτον
734 2439 789 2499 pro
818 2411 1033 2500 Λελιύιιριτον
1070 2420 1100 2478 Ρ
1120 2417 1200 2499 344,
1228 2426 1342 2493 σπεῖος

168 2537 221 2598 pro
252 2513 375 2590 σπέλος
406 2538 422 2579 ε
451 2515 524 2598 194,
557 2515 649 2579 alcior
677 2536 732 2597 pro
759 2510 860 2579 έλιύσι
893 2518 921 2578 Β
951 2513 1021 2579 132.
1055 2516 1086 2576 Λ
1118 2513 1197 2598 550,
1232 2516 1341 2578 θείειν

167 2635 221 2695 pro
243 2610 362 2677 θέλειν
387 2617 413 2675 Ζ
436 2612 510 2678 507.
535 2616 570 2677 K
586 2613 661 2678 437.
685 2617 723 2676 Π
741 2614 812 2678 186.
841 2613 969 2695 Ψ310,
993 2613 1163 2688 πνείοντες
1186 2633 1240 2695 pro
1264 2609 1340 2677 πνέ-

166 2717 281 2787 λοντες
307 2710 359 2797 (ol.
390 2713 604 2794 Wackernagel
634 2713 668 2775 ll.
701 2714 730 2774 Z.
760 2713 839 2773 XXV
869 2710 958 2794 277),
989 2712 1157 2787 πλείοντες
1187 2732 1241 2792 pro
1267 2707 1340 2775 πλέ-

166 2815 299 2891 λοντες,
322 2812 472 2873 κλείουσι
499 2830 554 2890 pro
581 2805 755 2891 τιλέλονσι,
783 2813 883 2874 εἰωθε
907 2830 961 2890 pro
985 2809 1109 2890 ἔλαθε,
1142 2815 1263 2892 κρειῶν
1286 2829 1341 2890 pro

167 2902 331 2992 κρελάων,
356 2899 532 2991 εἰρύσσατο
552 2928 606 2988 pro
627 2901 823 2992 έλρύσσατο,
847 2909 975 2970 λείουσι
993 2927 1048 2988 pro
1066 2903 1213 2989 λέλονσι,
1237 2916 1342 2970 νειοῖο

168 3028 220 3088 pro
244 3009 375 3082 νελοίο,
409 2993 477 3080 εἷος
504 3026 558 3086 pro
582 3001 658 3081 έλος
681 3007 727 3068 vel
759 2992 855 3088 ἧλος,
887 3009 1000 3086 αίητος
1031 3026 1086 3086 pro
1120 2999 1243 3088 ἀλητος
1270 3009 1341 3068 satis

168 3106 392 3187 comprobatum
421 3123 487 3166 esse
515 3105 605 3187 duco,
635 3106 712 3166 unde
736 3123 796 3166 non
821 3105 917 3167 solum
939 3097 1053 3167 θέλων
1077 3113 1107 3166 et
1129 3097 1261 3184 κλέλος,
1289 3105 1341 3164 sed

168 3207 257 3266 otiam
281 3196 386 3284 ἀλημι
410 3194 533 3264 ἀλελλα
555 3192 685 3283 ἀλήτην
708 3205 1027 3287 scripsi,·praesertim
1050 3222 1118 3264 oum
1145 3205 1234 3264 etiam
1258 3221 1342 3264 voea-

167 3302 271 3364 bulnm
295 3293 382 3382 αὔρη
407 3301 546 3379 digammi
570 3303 628 3362 vim
647 3300 765 3362 illorum
785 3302 944 3364 verborum
962 3304 1108 3381 integram
1127 3301 1220 3362 luisse
1239 3304 1342 3362 testari

167 3401 312 3462 rideatur.

257 3492 295 3580 4)
321 3497 352 3558 Si
376 3515 451 3577 quae
479 3497 661 3559 adulterinae
689 3507 719 3560 et
742 3497 831 3559 falsae
855 3500 966 3560 lormae
986 3506 1054 3579 post
1072 3497 1194 3560 Homeri
1216 3505 1341 3559 aetatem

168 3597 316 3677 digammo
336 3595 445 3656 abolito
463 3598 495 3656 in
513 3603 627 3656 textum
646 3599 811 3658 carminum
827 3599 1023 3680 irrepserunt,
1043 3605 1180 3660 revocato
1195 3597 1342 3674 digammo

168 3698 240 3756 istas
264 3693 415 3755 eiciendas
438 3701 468 3754 et
487 3696 631 3772 genuinas
650 3696 849 3757 restituendas
873 3713 991 3776 censeo,
1013 3703 1046 3756 ut
1071 3713 1144 3758 suus
1166 3694 1260 3755 honos
1280 3713 1341 3755 car·

168 3793 300 3855 minibus
324 3795 498 3855 torsissimis
522 3793 672 3854 reddatur.
718 3793 960 3865 Quamobrem
990 3811 1059 3855 oum
1082 3792 1244 3854 Homerum
1272 3793 1343 3852 Πα-

168 3887 314 3971 τροκλῆα
339 3881 518 3970 Ἀγακλῆος
546 3881 680 3971 ἀαληείς
707 3910 766 3952 non
795 3892 905 3954 dixisse
934 3892 1119 3972 exploratum
1147 3893 1185 3952 sit
1216 3899 1246 3952 ct
1279 3893 1343 3970 ipsa

167 3988 317 4050 discordia
337 3988 474 4049 codicum
489 3989 576 4050 modo
595 3980 727 4070 ἀκληείς
746 3992 833 4052 modo
852 3983 991 4064 ἀκλειῶς
1010 3989 1213 4052 exhibentium
1231 3990 1343 4049 erroris

169 4088 270 4148 sedem
304 4087 508 4148 demonstrare
540 4087 687 4168 videatur,
721 4095 852 4149 vetustas
884 4098 915 4150 et
946 4091 1090 4168 genuinas
1117 4089 1227 4148 lormas
1251 4077 1343 4165 Ἀγα-

168 4180 302 4258 κλελέος
326 4180 562 4266 Πατροκλελέα
586 4176 781 4264 ἀγακλελέες
799 4178 957 4260 ἀκλελέας
976 4180 1155 4259 ἐνκλελέως
1174 4181 1345 4264 ένιιλελίης

166 4273 406 4364 Ἡρακλελίθης
428 4283 535 4346 similia
558 4287 702 4366 revocari,
726 4293 814 4365 atque
838 4303 931 4366 paene
955 4301 1001 4344 me
1020 4285 1162 4363 poenitet,
1185 4283 1264 4362 quod
1284 4301 1343 4344 non

170 4383 258 4442 etiam
272 4371 491 4462 Ἡρακλελείη
508 4370 729 4463 Ἐτεοιιλελεΐη
749 4379 959 4464 Ριφιιιλελείη
982 4372 1132 4455 κλελιτός
1155 4375 1206 4463 (cl.
1226 4401 1243 4441 ο
1262 4376 1343 4464 249)

171 4497 318 4558 reponere
338 4497 428 4540 ausus
452 4497 526 4539 sum.
554 4479 630 4540 lHud
649 4499 719 4541 vcro
737 4499 787 4542 res
811 4483 874 4561 ipsa
898 4498 1000 4542 secum
1023 4477 1146 4562 terebat,
1170 4490 1203 4541 ut
1226 4499 1295 4542 cum
1314 4482 1343 4540 in
