3268 5076
639 393 790 443 ΙΛΙΑΔΟΣ
808 395 861 444 XII

164 559 360 636 πείθεσθαι,
382 555 450 619 τῶν
474 552 568 620 οὔτι
592 549 808 638 μετατρέπομ’
835 548 909 619 οὐδ’
935 547 1088 636 ἀλεγίζω,
1290 551 1337 616 20

166 657 223 728 εἰτ’
250 660 302 727 ἐπὶ
325 656 406 740 δεξί’
432 666 509 726 λωσι
531 655 615 746 πρὸς
637 655 687 745 ήῶ
710 655 742 726 τ’
768 656 884 745 ήέλιόν
907 684 958 742 τε,

166 764 224 834 εἴτ’
251 762 300 834 ἐπ’
326 763 482 853 ἀριστερά
505 771 561 833 τοί
581 792 618 852 γε
641 765 716 832 ποτὶ
741 763 844 850 ζόφον
869 762 1036 852 ήερόεντα.

165 870 259 960 ἡμεῖς
283 872 320 941 δὲ
342 870 501 960 μεγάλοιο
528 870 611 951 Διὸς
633 871 830 958 πειθώμεθα
853 875 975 959 βουλή,

166 977 203 1060 δς
226 985 306 1048 πᾶσι
330 990 487 1067 θνητοῖσι
511 980 566 1047 καὶ
590 977 791 1046 ἀθανάτοισι
813 977 985 1045 έανάσσει.

167 1080 214 1167 εἷς
237 1085 359 1166 οἰωνὸς
381 1085 531 1175 ἀριστος,
556 1083 747 1173 ἀμύνεσθαι
770 1085 846 1171 περὶ
868 1083 1002 1170 πάτρης.

166 1199 256 1262 τίπτε
279 1192 323 1261 σὺ
346 1197 514 1273 δείδοικας
537 1191 684 1278 πόλεμον
708 1191 763 1258 καὶ
787 1194 962 1278 δηιοτῆτας

166 1308 199 1366 εί
218 1325 279 1388 περ
302 1300 367 1388 γάρ
390 1300 421 1368 τ’
447 1298 544 1367 ἄλλοι
567 1326 604 1386 γε
626 1298 909 1387 περικτεινῶμεθα
933 1297 1054 1376 πάντες

166 1408 288 1492 νηυσὶν
311 1405 362 1475 ἐπ’
385 1404 559 1492 Ἀργείων,
583 1407 637 1475 σοὶ
661 1403 692 1474 δ’
719 1404 760 1474 οὐ
785 1407 882 1484 δίέος
906 1401 971 1472 ἔστ’
997 1402 1197 1471 ἀπολέσθαι

166 1509 208 1580 οὐ
230 1513 295 1602 γάρ
318 1541 370 1582 τοι
393 1518 513 1600 κραδίη
537 1513 713 1602 μενεδήιος
736 1511 816 1581 οὐδὲ
839 1511 1011 1599 μαχήμων.

165 1625 197 1688 εί
219 1619 256 1688 δὲ
280 1620 322 1688 σὺ
346 1625 519 1708 δηιοτῆτος
543 1619 692 1707 ἀφέξεαι,
715 1617 757 1706 ήέ
777 1616 841 1687 τιν’
867 1617 971 1685 ἄλλον

165 1726 382 1814 παρφάμενος
403 1730 578 1796 έεπέεσσιν
601 1726 797 1814 ἀποτρέψεις
820 1727 994 1810 πολέμοιο,

165 1830 273 1900 αὐτίκ’
300 1836 367 1926 ἐμῷ
391 1833 455 1903 ὑπὸ
481 1835 579 1922 δουρὶ
602 1835 715 1912 τυπεὶς
738 1830 803 1900 ἀπὸ
826 1829 940 1916 θυμὸν
964 1827 1141 1908 ὀλέσσεις.“

256 1936 300 2021 ῶς
322 1940 387 2030 ἀρα
411 1940 572 2028 φωνήσας
594 1940 757 2028 ἡγήσατο,
781 1940 832 2007 τοὶ
857 1935 888 2004 δ’
915 1934 972 2022 ἀμ’
998 1937 1119 2003 έποντο

164 2052 250 2136 έηχή
274 2055 445 2138 θεσπεσίῃ.
491 2050 543 2117 έπὶ
568 2048 605 2118 δὲ
630 2045 713 2126 Ζεὺς
735 2048 991 2134 τερπικέραυνος

166 2146 274 2240 ῶρσεν
297 2151 354 2222 ἀπ’
378 2153 510 2224 Ἰδαίων
534 2153 642 2241 ὀρέων
666 2151 803 2240 ἀνέμοιο
827 2152 990 2235 θόελλαν,

165 2258 186 2347 ή
211 2258 243 2347 ρ’
270 2259 348 2342 ίθύς
371 2266 464 2348 νηῶν
487 2267 607 2346 κονίην
630 2263 745 2346 φέρεν·
778 2255 883 2343 αὐτὰρ
904 2255 1043 2343 Ἀχαιῶν

166 2369 266 2454 θέλγε
289 2369 387 2453 νόον,
415 2369 546 2451 Τρωσὶν
570 2367 608 2436 δὲ
630 2367 685 2434 καὶ
701 2365 835 2452 Ἕκτορι
858 2368 960 2444 κῦδος
984 2361 1113 2444 ὄπαζεν.

165 2477 226 2542 τοῦ
249 2499 310 2560 περ
335 2471 374 2559 δι’,
399 2472 553 2559 τεράεσσι
576 2474 774 2554 πεποιθότες
797 2471 857 2560 ήδὲ
880 2477 978 2558 βίηφι

165 2580 380 2668 έρήγνυσθαι
404 2582 487 2667 μέγα
511 2594 618 2667 τεῖχος
638 2579 778 2666 Ἀχαιῶν
802 2576 997 2666 πειρήτιζον.

166 2686 309 2773 κρόσσας
332 2687 394 2775 μὲν
416 2687 556 2773 πόργων
578 2688 718 2775 έέρυον,
741 2689 796 2755 καὶ
820 2692 952 2772 ἔρειπον
977 2683 1124 2767 ἐπάλξις,

166 2795 288 2880 στήλας
309 2820 344 2862 τε
367 2798 556 2881 προβλῆτας
579 2793 750 2881 ἐμόχλεον,
774 2791 813 2874 ἀς
837 2789 891 2879 ἀρ’
916 2789 1042 2876 Ἀχαιοί

165 2901 297 2986 πρῶτας
321 2904 357 2968 έν
382 2908 460 2989 γαίη
483 2903 591 2968 θέσαν
614 2906 752 2988 ἔμμεναι
777 2906 898 2988 ἔχματα
922 2896 1073 2982 πύργων·

166 3006 225 3085 τὰς
248 3009 283 3074 ολ
303 3005 335 3092 γ’
362 3005 523 3093 αὐέρυον,
546 3009 709 3076 έέλποντο
734 3007 771 3075 δέ
793 3020 900 3094 τεῖχος
921 3002 1060 3090 Ἀχαιῶν

165 3111 311 3199 ἀρήξειν,
358 3111 440 3182 οὐδέ
460 3112 504 3181 νύ
527 3139 578 3182 πω
604 3115 735 3183 Δαναοὶ
758 3113 897 3201 χάζοντο
920 3109 1101 3192 κελεύθου,

167 3216 241 3287 ἀλλ’
267 3223 303 3288 οἵ
322 3247 360 3307 γε
382 3228 530 3308 έρινοῑσι
553 3224 646 3307 βοῶν
669 3221 854 3309 φράξαντες
878 3219 1008 3298 ἐπάλξις

167 3325 295 3413 βάλλον
318 3325 375 3394 ἀπ’
403 3323 536 3394 αὐτάων
560 3331 671 3407 δείους
693 3323 759 3394 ὑπὸ
783 3341 889 3412 τεῖχος
913 3327 1034 3402 ἰόντας.

258 3431 436 3521 ἀμφοτέρω
461 3431 492 3501 δ’
520 3442 642 3502 Αίαντε
665 3429 892 3500 κελευτιόωντ’
920 3431 971 3497 ἐπὶ
995 3428 1133 3516 πύργων

170 3542 314 3609 πάντοσε
337 3539 518 3626 φοιτήτην,
542 3541 641 3625 μένος
665 3535 863 3627 ὀτρύνοντες
884 3536 1032 3624 Ἀχαιῶν.

60 3691 68 3710 .
167 3645 272 3715 ἄλλον
295 3655 484 3734 μειλιχίοις,
507 3645 611 3714 ἀλλον
635 3661 796 3731 στερεοῐσι
818 3645 974 3712 ἀέπεσσιν

239 3848 291 3897 238
306 3848 376 3896 =A
394 3848 444 3896 1⁶0
499 3839 567 3895 240¹*
584 3867 617 3887 ==
632 3860 648 3894 ν
662 3847 714 3895 241
770 3845 822 3892 250
836 3863 870 3883 =
885 3843 970 3893 11433
1025 3841 1130 3890 2514
1145 3861 1178 3882 ==
1195 3838 1224 3888 Ν
1232 3838 1338 3887 833-4

169 3919 237 3978 25512
253 3949 286 3970 =
302 3925 327 3978 Ο
341 3927 403 3976 ³27.
424 3925 453 3976 Π
467 3927 525 3976 730.

239 4088 291 4137 239
310 4077 352 4151 ἠῶ
373 4081 452 4136 οοδδ,
527 4085 652 4134 244-50
670 4079 816 4134 damnavit
834 4077 942 4132 Bekker
1013 4083 1066 4132 246
1086 4071 1147 4131 έπί
1166 4069 1216 4130 ὑπ’
1238 4076 1302 4128 Zeu.

167 4169 219 4218 248
238 4157 286 4232 ήέε
315 4165 346 4216 εί
360 4160 430 4215 τέΟ
539 4166 591 4215 249
616 4154 805 4228 ἀποστρέφεις
829 4158 875 4212 cl)
985 4162 1037 4212 258
1062 4156 1159 4224 ἔριπον
1183 4155 1232 4209 ΑΙ)

170 4249 231 4298 258.
251 4248 312 4297 26³.
333 4246 393 4297 308,
413 4247 465 4296 375
486 4236 598 4305 ἐπάλξις
617 4238 738 4294 Bekker:
767 4235 895 4304 ἐπάλξεις
914 4237 1007 4302 codd,
1026 4239 1060 4291 cf.
1080 4237 1149 4306 prol.
1169 4245 1183 4302 5
1203 4240 1237 4289 86

170 4327 222 4376 288
241 4343 282 4391 γρ.
303 4323 448 4390 φοιτείτην
469 4321 558 4386 Eunt„
583 4317 617 4374 cf.
636 4318 706 4389 prol,
725 4323 740 4384 ξ
759 4323 793 4372 89
814 4351 843 4357 -
865 4319 931 4387 post
951 4313 1063 4386 Ἀχαιῶν
1085 4315 1224 4387 virgulam
1247 4313 1342 4384 posuit

169 4401 290 4470 Hontze,
307 4401 369 4472 ipse
390 4419 432 4456 vv.
448 4406 500 4454 266
519 4403 549 4456 et
566 4406 617 4455 267
637 4398 788 4454 deleven'm
852 4404 903 4452 267
923 4404 1045 4466 στερεοῖς
1064 4392 1176 4451 ἐπέεσσι
1194 4395 1284 4463 αοδδ.,
1303 4391 1339 4450 οἱ.

168 4479 240 4551 prol.
259 4487 273 4544 ξ
292 4486 335 4536 86.
