3276 5090
269 406 307 461 IV

268 592 305 634 ne
325 575 387 651 ipse
411 571 531 651 quidem
555 573 586 631 in
611 571 760 632 veteribus
784 569 966 632 carminibus
991 571 1112 631 serenda
1143 588 1312 651 censerem,
1341 573 1370 631 in
1395 589 1441 630 re·

269 669 406 730 centibus
430 668 637 728 additamentis
661 687 721 728 uon
746 668 841 728 solum
864 671 974 729 intacta
1003 667 1127 750 reliqui,
1160 667 1211 727 sed
1243 669 1331 728 etiarn
1361 678 1441 728 uota-

268 766 337 828 bilia
371 765 478 826 indicia
510 765 748 844 interpolationis
782 784 847 826 esse
881 765 1016 825 iudicavi.
1063 765 1096 825 ln
1127 765 1311 826 restituenda
1343 776 1442 824 autem

270 866 366 942 prisca
391 871 421 923 et
446 865 573 940 genuina
599 863 691 922 lorma
716 847 881 922 carminum
905 862 983 940 quod
1008 879 1102 921 ineam
1127 881 1248 940 opernm
1276 881 1334 922 non
1365 864 1443 921 inter

269 960 416 1021 cancellos
439 959 645 1020 Aristarcheae
671 960 855 1020 recensionis
879 959 1023 1020 inclusam
1054 958 1145 1039 volui,
1174 959 1251 1037 apud
1280 959 1443 1036 prudentes

269 1062 383 1120 indices
412 1061 602 1119 excusatione
633 1077 691 1118 non
721 1055 865 1134 indigebit
893 1057 1067 1135 praesertim
1098 1058 1128 1116 in
1158 1056 1212 1117 bac
1237 1056 1380 1133 editione,
1413 1059 1443 1116 in

268 1176 325 1236 qna
350 1175 409 1217 nou
438 1155 533 1215 solum
562 1155 639 1216 ultra
664 1153 877 1214 Alexandrinos
905 1155 1126 1234 grammaticos,
1159 1154 1210 1214 sed
1245 1156 1333 1213 etiam
1367 1153 1443 1213 ultra

268 1253 457 1314 Pisistratum
472 1252 507 1312 ad
523 1252 739 1331 rhapsodnrum
754 1259 887 1329 tempora
900 1257 937 1322 ,et
956 1249 990 1308 ad
1011 1257 1136 1310 aetatem
1157 1252 1182 1309 si
1197 1253 1296 1310 mirrns
1311 1249 1442 1328 Homeri,

268 1361 298 1411 at
330 1360 430 1412 tamen
455 1349 682 1410 Homeridarum
715 1347 875 1409 ascendere
904 1349 1026 1407 annisus
1063 1366 1137 1407 sum.
1175 1346 1238 1408 Hoc
1269 1367 1339 1409 num
1369 1347 1443 1406 beue

269 1448 340 1509 rnihi
364 1449 556 1526 successerit,
586 1465 678 1526 penes
706 1445 833 1506 lectores
862 1443 1019 1504 benevolos
1050 1453 1080 1504 et
1107 1445 1270 1522 prudentes
1298 1446 1444 1506 iudicium

269 1549 320 1626 sit3
354 1545 426 1605 mibi
460 1544 516 1604 hoc
544 1543 640 1604 solum
671 1545 702 1604 iu
741 1543 862 1602 exordio
899 1540 966 1601 libri
1007 1559 1176 1602 asseverare
1219 1540 1318 1622 liceat,
1357 1559 1444 1618 saepe

269 1642 370 1702 stilum
399 1660 445 1701 me
480 1642 603 1702 vertisse
637 1659 734 1720 neque
763 1660 822 1701 uuo
855 1641 940 1718 quasi
973 1643 1085 1716 impetu
1118 1657 1217 1699 arcem
1250 1659 1446 1720 expugnasse,

269 1740 321 1800 sed
346 1737 446 1798 multis
466 1738 620 1798 erroribus
639 1741 789 1816 iactatum,
813 1755 880 1796 curn
901 1735 967 1814 plus
992 1734 1083 1794 semel
1111 1738 1168 1795 iarn
1197 1739 1229 1796 iu
1252 1756 1288 1797 eo
1312 1738 1445 1816 luissent,

270 1846 302 1897 ut
339 1836 375 1896 de
414 1836 552 1896 firmitate
593 1837 699 1896 virium
732 1852 864 1896 mearum
898 1832 1086 1911 desperarem
1115 1841 1144 1892 et
1168 1841 1263 1894 toturn
1288 1835 1445 1895 consilinm

269 1934 399 1996 edendae
423 1932 522 1994 iliadis
541 1951 647 1992 rursus
666 1931 823 2011 abluerem,
849 1931 966 1991 tandem
986 1929 1142 2009 aliquando
1157 1930 1192 1989 ad
1209 1949 1273 1991 eam
1288 1935 1446 1992 stationem

268 2033 450 2110 pervenisse,
474 2048 562 2109 quam
583 2031 708 2109 fortiter,
731 2032 756 2089 si
776 2030 821 2089 dis
843 2027 948 2107 placet,
968 2029 1047 2087 tueri
1070 2035 1101 2086 et
1124 2027 1282 2088 defendere
1307 2028 1446 2090 conabor.

269 2129 380 2189 Ruinam
404 2135 503 2188 autem
528 2145 611 2206 spem
639 2127 734 2187 habeo
763 2125 846 2186 brevi
880 2127 1014 2186 loturum
1042 2143 1122 2206 esse,
1155 2134 1188 2184 ut
1217 2125 1363 2186 Homerus
1391 2127 1446 2187 hac

270 2227 363 2285 lorma
388 2227 481 2302 magis
504 2223 619 2302 placeat
644 2223 819 2302 faciliusque
850 2223 1040 2302 intellegatur
1068 2232 1098 2282 et
1126 2225 1228 2300 pueris
1257 2242 1375 2302 quoque
1404 2228 1447 2284 iu·

271 2323 430 2384 stitueudis
464 2321 537 2381 haec
565 2321 736 2382 distributio
764 2324 928 2381 carminum
957 2327 987 2380 et
1014 2321 1137 2399 genuini
1163 2328 1262 2380 textus
1296 2324 1446 2382 restitutio

270 2420 363 2482 multo
392 2418 495 2479 utilior
523 2436 589 2478 esse
622 2418 757 2478 videatur
786 2435 872 2497 quam
905 2417 1013 2477 tradita
1047 2418 1139 2476 lorma
1182 2419 1284 2495 viginti
1318 2429 1447 2496 quatuor

270 2517 414 2578 librorum
434 2525 464 2576 et
483 2518 649 2576 recentiora
669 2515 930 2594 grammaticorum
950 2521 1087 2592 portenta
1106 2515 1222 2591 priscae
1243 2517 1370 2576 orationi
1390 2515 1448 2575 llo-

271 2616 345 2674 meri
370 2615 509 2673 immixta.
557 2612 654 2674 Unum
686 2630 803 2684 vereor,
834 2630 871 2671 ne
899 2612 929 2671 in
956 2610 1108 2690 purganda
1138 2618 1226 2690 atque
1256 2612 1447 2691 perpolienda

270 2712 403 2772 oratione
428 2712 585 2770 tersissimi
608 2717 712 2789 poetae
736 2708 838 2768 multis
862 2711 940 2769 insto
965 2708 1096 2769 timidior
1120 2708 1211 2768 luisse
1232 2709 1340 2788 ridear,
1363 2729 1447 2788 prae·

271 2811 373 2870 sertim
414 2816 569 2886 postquam
609 2805 702 2868 Ficlrii
744 2807 866 2867 audacia
908 2807 1013 2866 anirnis
1056 2805 1272 2885 philologorum
1312 2807 1448 2868 stimulos

271 2907 392 2968 addidit.
440 2905 471 2965 Si
499 2905 571 2984 quid
599 2913 699 2966 autem
736 2904 813 2965 valet
850 2904 921 2964 haec
959 2903 1049 2965 editio
1083 2904 1119 2964 ad
1161 2904 1286 2964 Homeri
1316 2907 1447 2965 carmina

272 3005 378 3065 melius
424 3001 628 3081 cognoscenda
675 3011 705 3062 et
747 3002 964 3081 philologorum
1009 3003 1106 3063 studia
1144 3003 1321 3083 adiuvanda,
1359 3003 1448 3064 huius

272 3099 367 3160 laudis
395 3101 516 3160 minima
547 3117 616 3176 pars
644 3117 709 3159 inea
738 3109 795 3180 est3
829 3119 895 3160 nam
924 3110 954 3162 et
982 3103 1013 3161 iu
1041 3103 1191 3181 corruptis
1219 3101 1317 3162 serbis
1349 3119 1448 3161 emen·

273 3196 378 3256 dandis
411 3206 440 3256 et
468 3198 499 3256 in
532 3197 670 3274 genuinis
698 3195 806 3257 litteris
839 3198 1001 3276 formisque
1032 3196 1243 3260 resuscitandis
1276 3206 1305 3256 et
1338 3200 1367 3257 iu
1402 3216 1447 3257 re-

272 3293 388 3355 teribus
417 3293 599 3353 carminibus
628 3294 814 3374 separandis,
842 3295 969 3375 denique
1002 3297 1033 3354 in
1061 3303 1203 3374 apparatu
1232 3297 1336 3356 critico
1364 3295 1447 3355 ador-

274 3391 370 3452 nando
403 3394 558 3451 maximam
591 3399 705 3468 partem
739 3394 870 3452 virorum
908 3392 943 3452 de
981 3390 1147 3452 Homericis
1189 3392 1296 3452 studiis
1333 3411 1449 3472 promo·

275 3488 378 3549 vendis
406 3490 563 3566 insigniter
590 3489 765 3549 meritorum
800 3491 923 3569 vestigia
956 3489 1013 3567 legi
1051 3491 1251 3568 iuvenumque
1284 3492 1447 3552 amicorum

275 3604 422 3665 propensa
448 3583 577 3645 sollertia
602 3588 721 3664 egregie
745 3586 864 3647 adiutus
894 3605 972 3662 sarm,
1002 3604 1128 3665 quorum
1158 3589 1183 3647 si
1211 3586 1268 3647 hoc
1297 3586 1361 3649 loco
1389 3606 1448 3648 anr-

273 3685 380 3744 bitiose
409 3684 521 3743 reierre
547 3682 614 3742 uolo
638 3685 769 3762 nomina,
797 3682 889 3759 libros
918 3693 947 3745 et
975 3694 1140 3745 commenta
1168 3692 1251 3762 grato
1280 3688 1377 3746 enirno
1402 3703 1448 3746 me

274 3781 444 3842 adhibuisse
478 3788 519 3857 et,
553 3779 648 3859 quoad
665 3801 667 3803 ·
687 3779 766 3859 leges
800 3783 969 3843 succinctae
998 3783 1193 3842 enarrationis
1227 3781 1449 3861 permittebant,

275 3881 363 3939 etiarn
385 3877 518 3940 larrdasse
543 3895 737 3955 unaquaeque
766 3879 877 3957 pagella
897 3890 927 3941 et
946 3878 1222 3959 prolegomennrum
1242 3890 1271 3940 et
1291 3890 1449 3960 apparatus

275 3979 371 4037 critici
392 3974 517 4038 docebit.

366 4151 537 4213 Scribebam
562 4151 707 4213 lllonachii
733 4153 837 4214 bruma
861 4155 931 4214 anni
955 4152 1237 4216 Muctctxxxiti.

1112 4330 1201 4392 Grnt.
1227 4330 1358 4391 Christ.
