3276 5090
661 385 878 449 -17..

182 549 242 606 iam
276 553 344 606 ante
373 545 640 608 Alexandrinorum
672 549 931 624 grammaticorum
965 555 1090 610 aetatem
1119 550 1237 614 licentia
1265 555 1356 614 inter·

184 643 304 721 polandi
331 647 461 704 coercita
490 653 566 724 erat,
595 664 630 705 ex
660 663 718 723 333
741 644 915 706 Pisistratus
939 646 1126 720 Atheniensis
1149 649 1271 712 Homeri
1295 669 1357 712 car·

183 743 264 801 mina
287 741 394 801 litteris
418 742 557 802 mandare
581 750 728 821 coeperat,
752 759 848 821 neque
870 743 973 805 dubito
992 748 1065 825 quin
1084 765 1196 828 versus,
1220 750 1272 827 qui
1290 757 1358 826 post

186 839 374 902 Pisistratum
407 840 444 901 ab
477 839 647 901 bominibus
680 839 818 901 litteratis
850 845 880 903 iu
913 846 976 904 suis
1005 845 1222 923 exemplaribus
1250 847 1358 908 adiecti

183 946 278 1018 erant,
298 957 314 998 a
333 940 533 1015 grammaticis
552 937 755 998 subtilissimis
774 957 841 998 cum
862 937 1011 1002 Zenodoro
1030 951 1060 1002 et
1078 941 1276 1022 Aristophane
1295 951 1358 1003 tum

184 1035 356 1096 Aristarcho
380 1035 514 1114 plerique
539 1053 645 1096 rursus
664 1036 752 1095 eiecti
773 1037 840 1097 sint.
878 1037 956 1098 11333
976 1041 1054 1098 enim
1079 1041 1250 1118 gravissima
1270 1057 1357 1101 33333

185 1134 277 1192 luisse
302 1132 431 1213 videtur,
456 1151 510 1194 cur
531 1131 652 1194 Homeri
675 1135 820 1212 carmina,
843 1137 868 1194 si
893 1153 960 1196 oum
984 1137 1128 1215 poematis
1151 1139 1244 1214 epicis
1269 1137 1358 1198 medii

184 1231 249 1288 aevi
272 1232 450 1308 germanicis
472 1249 506 1290 33
530 1233 757 1310 comparaveris,
781 1241 839 1291 tam
864 1234 978 1311 integra
1002 1233 1089 1294 nobis
1113 1244 1227 1294 serrata
1251 1235 1320 1296 siut.

275 1325 352 1397 0313
377 1347 413 1388 33
437 1327 610 1388 Pisistratus
635 1327 755 1407 quidem
779 1331 870 1389 virise
894 1330 973 1391 docti
998 1331 1131 1411 Zopyrus
1150 1316 1358 1394 Onbmacritus

183 1423 337 1504 Orpbeus,
379 1424 488 1505 quibus
530 1425 577 1485 ille
619 1427 750 1486 carmina
792 1424 912 1487 Homeri
955 1428 1111 1508 colligendi
1148 1428 1358 1508 scribendique

184 1540 289 1582 curam
321 1523 523 1602 mandaverat,
557 1522 647 1582 multa
682 1541 804 1584 novasse
835 1535 886 1585 aut
913 1525 1056 1586 adiecisse
1086 1526 1230 1587 ridentur.
1282 1525 1358 1586 Sane

185 1618 340 1680 Woliianis
368 1622 393 1679 si
422 1619 513 1679 iidem
539 1619 716 1680 haberemus
744 1618 843 1680 iliadis
871 1630 901 1682 et
924 1621 1072 1702 Odysseae
1096 1625 1182 1701 quasi
1204 1632 1358 1701 parentem

186 1715 376 1777 Pisistratum
401 1717 590 1796 iacientibus,
620 1717 683 1778 fieri
708 1735 766 1777 333
791 1727 904 1796 posset,
929 1721 1001 1799 quin
1024 1736 1162 1800 magnum
1190 1720 1235 1780 vel
1258 1723 1358 1799 potius

187 1817 338 1892 ingentem
358 1830 515 1876 numerum
540 1833 680 1876 versuum
699 1833 716 1874 3
734 1813 916 1877 Pisistrateis
935 1816 1141 1878 redactoribus
1160 1816 1275 1877 additos
1294 1835 1360 1877 esse

184 1913 431 1992 existimaremus,
455 1912 565 1993 quibus
588 1913 727 1993 carmina,
752 1932 826 1992 quae
851 1912 920 1973 olim
944 1915 1002 1974 uisi
1026 1912 1103 1993 quod
1124 1917 1155 1974 in
1176 1913 1279 1974 eodem
1299 1915 1360 1973 lere

184 2018 360 2086 argumento
389 2009 583 2070 versabantur
606 2027 665 2070 333
693 2009 907 2091 cohaesissent,
932 2013 961 2072 iu
986 2029 1079 2072 unum
1103 2028 1212 2089 corpus
1235 2011 1361 2088 perlecti

186 2109 331 2184 poematis
354 2117 504 2186 cogerent.
540 2110 577 2168 At
601 2126 698 2187 neque
722 2114 855 2167 veterum
876 2109 1055 2185 scriptorum
1075 2109 1261 2186 testimoniis,
1285 2126 1360 2187 quae

185 2203 344 2283 diligenter
369 2205 566 2284 Duentzerus,
591 2203 673 2266 ilom.
698 2202 840 2264 Abhandl.
865 2223 892 2282 p.
916 2201 1034 2284 1227,
1057 2203 1176 2282 collegit
1199 2213 1229 2265 et
1253 2207 1359 2265 exami-

186 2303 280 2380 navit,
305 2319 402 2380 neque
426 2304 567 2365 orationis
591 2319 727 2363 remmve
751 2301 882 2380 iudiciis,
910 2301 1025 2380 quibus
1042 2301 1109 2381 plus
1132 2319 1237 2362 novem
1260 2311 1360 2380 partes

186 2416 222 2457 ex
256 2398 359 2458 decem
388 2399 523 2478 partibus
551 2397 649 2460 iliadis
677 2408 744 2460 ante
772 2398 899 2459 litteram
928 2399 1073 2478 digamma
1102 2398 1299 2460 oblitteratam
1327 2408 1359 2459 et

186 2503 255 2555 ante
277 2495 440 2574 divulgatae
459 2496 580 2558 ilesiodi
599 2497 838 2576 cyclicorumque
862 2503 1016 2575 poetarum
1041 2495 1154 2556 iabuias
1178 2496 1270 2556 iactas
1293 2509 1359 2556 esse

187 2595 319 2672 evincas,
349 2593 469 2654 audacia
497 2596 584 2654 istius
608 2596 756 2672 opinionis
779 2593 956 2655 defenditur.
1003 2591 1131 2654 Tantum
1154 2595 1246 2672 igitur
1269 2592 1361 2672 abest,

188 2698 220 2750 ut
240 2688 428 2752 Pisistrateos
450 2691 558 2752 additis
582 2694 705 2752 resectis
728 2692 891 2752 immutatis
911 2689 1047 2752 versibus
1065 2688 1152 2750 111333
1176 2691 1306 2751 carmina
1329 2691 1360 2750 in

187 2804 299 2865 corpus
332 2790 421 2849 unius
453 2791 597 2868 poematis
629 2789 774 2850 ooniiasse
807 2787 980 2866 concedam,
1018 2797 1051 2848 ut
1083 2790 1114 2848 iu
1136 2777 1361 2866 'coniungendis

188 2883 370 2945 carminibus
394 2903 481 2946 usum
505 2893 535 2946 et
554 2887 743 2946 traditionem
762 2883 1056 2962 diligentissimorum
1076 2883 1291 2962 rhapsodorum
1310 2903 1361 2945 eos

189 2990 309 3043 secutos
332 2991 361 3042 et
385 3001 496 3061 paucos
519 2991 633 3044 tautum
657 3000 762 3042 versus
785 2984 821 3043 de
846 3001 901 3042 suo
920 2982 1067 3042 addidisse
1087 2982 1271 3044 contendam.
1304 2981 1362 3042 Ali-

190 3087 264 3157 quot
291 3088 390 3140 autem
420 3099 523 3142 versus
552 3080 588 3142 ab
612 3083 648 3140 iis
672 3078 803 3142 adiectos
826 3089 857 3140 et
880 3082 1009 3140 carmina
1037 3077 1077 3141 12
1101 3090 1131 3140 et
1156 3077 1210 3158 17,
1235 3096 1361 3158 quorum

191 3176 241 3236 alii
268 3176 409 3256 rhapsodi
433 3181 582 3257 posterius
606 3197 641 3238 ex
666 3175 755 3238 iliade
779 3176 975 3256 excluserant,
999 3178 1083 3256 prins
1106 3175 1250 3236 31131333
1274 3174 1361 3236 33113-

190 3285 337 3353 caverant,
361 3278 392 3336 in
416 3294 502 3336 suum
527 3276 624 3336 locum
644 3276 773 3353 reposita
793 3293 867 3351 esse,
891 3273 980 3334 buius
1000 3275 1044 3334 rei
1063 3290 1213 3334 rumorem
1232 3275 1361 3350 primum

190 3372 225 3432 ad
249 3369 511 3454 Dicaearchum1),
535 3372 641 3434 deinde
666 3371 700 3432 ad
725 3373 933 3449 grammaticos
957 3370 1171 3432 Alexandrinos
1195 3363 1247 3452 (ci.
1271 3369 1362 3431 schol.

190 3467 233 3536 Κ.
249 3467 275 3528 1.
299 3469 318 3528 l
343 3463 436 3552 604),
464 3479 614 3548 postremo
640 3469 675 3530 ad
700 3467 891 3528 Plutarchum
917 3462 1174 3548 (31133320),
1201 3466 1362 3545 Diogenem

191 3563 327 3626 Laertem
356 3562 407 3646 (cl.
437 3565 449 3626 1
477 3559 549 3650 51),
578 3566 753 3628 Strabonem
782 3560 833 3646 (31.
862 3563 902 3624 111
930 3583 957 3644 p.
987 3563 1079 3646 394),
1107 3563 1281 3627 Pausaniam
1311 3559 1362 3647 (ci.

192 3661 240 3720 vti
268 3659 340 3743 26),
364 3661 553 3726 Eustatbium
581 3663 711 3724 delatum
735 3679 800 3722 esse
824 3662 910 3723 docte
935 3662 1118 3723 Duentzerus
1141 3663 1361 3724 demonstrarit.

191 3757 296 3819 Merito
330 3762 408 3822 enim
442 3760 490 3822 1113
519 3761 636 3822 Lehrsii
669 3761 845 3822 seutentiam
878 3760 1068 3838 improbarit,
1101 3762 1152 3839 qui
1180 3757 1362 3821 Zenodotum

190 3856 456 3936 Aristarchumque
486 3858 558 3920 nihil
586 3859 622 3919 de
646 3857 782 3918 versibus
809 3876 824 3916 3
850 3857 1003 3918 Pisistrato
1032 3857 1216 3937 interpolatis
1240 3857 1362 3916 scivisse

191 3945 307 4036 3113111)
354 3951 471 4016 Etenim
500 3963 533 4016 ut
557 3955 759 4016 Aristarchum
789 3954 909 4032 dubios,
938 3972 1012 4033 quos
1040 3956 1098 4016 iam
1122 3953 1262 4014 allaturus
1287 3971 1363 4033 sum,

193 4083 404 4094 «Φ-ιη-μ--ι-

282 4145 307 4210 1)
327 4144 476 4198 1133313331
495 4143 683 4199 coniecturam
703 4143 736 4198 ds
755 4141 928 4198 Dicaearcho
947 4147 1062 4197 anctore
1081 4141 1221 4197 Ciceronis
1239 4141 1273 4196 de
1293 4145 1362 4197 orat.

191 4219 290 4289 11134,
313 4229 361 4276 rsa
381 4224 553 4292 improbarit
570 4224 660 4294 magis
678 4241 762 4292 quam
782 4223 917 4278 331313νί1
936 4223 1102 4288 Volkmann,
1122 4222 1287 4278 Gaschiehte
1308 4227 1363 4279 und

194 4297 284 4354 Kritilr
304 4303 353 4356 der
372 4302 535 4358 Wolfschen
554 4301 757 4372 Prolegomena
776 4322 801 4374 p.
822 4309 881 4358 349.

228 4449 231 4458 Ι
281 4385 309 4449 a)
327 4381 359 4436 in
382 4383 631 4450 commentatione,
660 4384 713 4438 Zur
735 4381 937 4440 Homerisohen
960 4381 1178 4451 interpolation,
1206 4401 1278 4454 qnae
1307 4384 1363 4454 pri-

193 4477 265 4514 mum
294 4459 401 4530 prodiit
430 4461 459 4516 in
486 4463 576 4519 Rhen.
601 4464 672 4518 Mus.
695 4462 774 4518 Xllil
801 4467 967 4530 481-307,
995 4461 1097 4518 deinde
1123 4468 1238 4533 recepta
1265 4466 1308 4519 331
1334 4465 1364 4520 13

243 4559 300 4600 Illos
314 4561 350 4600 ed.
365 4559 449 4600 christ.
1135 4557 1151 4605 2
