3276 5090
704 389 900 459 -‘-5-

210 569 325 640 partem
353 563 520 640 continent,
548 578 623 639 quae
652 577 712 619 non
733 568 765 620 ut
789 560 879 620 veteri
903 561 1022 638 corpori
1046 551 1185 620 Νόστου
1205 552 1384 643 Ὀδυσσῆος

209 662 395 721 intexeretur
419 661 564 721 destinata
588 658 686 719 luerit.
734 657 877 718 Similiter
901 656 1000 717 iliadis
1023 666 1085 717 tres
1108 657 1185 738 iibri,
1209 664 1259 739 qui
1284 661 1384 723 Patro-

207 757 288 819 eium
311 757 432 818 Achivis
460 758 489 816 iu
519 773 634 816 summo
662 773 763 815 rorum
792 754 963 815 discrimine
986 772 1072 833 opem
1096 757 1253 837 ierentem,
1277 759 1382 820 deinde

209 857 248 918 ab
276 857 404 918 Hectore
437 863 466 915 et
494 854 627 934 Apolline
655 863 724 932 post
751 871 800 913 res
831 852 981 930 praeclare
992 845 1108 931 'gestas
1137 855 1325 917 interiectum
1354 855 1384 919 et

209 955 380 1035 spoliatum,
408 953 536 1032 denique
565 969 675 1030 corpus
703 954 767 1012 eius
790 969 877 1029 aegre
901 950 938 1010 ab
961 951 1048 1011 Aiace
1072 959 1102 1010 et
1126 951 1256 1012 Menelao
1280 973 1382 1034 super-

208 1051 255 1113 bis
282 1051 418 1112 Troianis
451 1057 588 1128 ereptum
622 1059 652 1109 et
684 1051 714 1109 iu
744 1058 840 1109 eastra
869 1048 994 1109 relatum
1023 1057 1157 1129 narrant,
1189 1050 1289 1111 divelli
1317 1053 1382 1131 piu-

208 1167 294 1211 resrc
322 1153 352 1211 in
381 1146 542 1228 particulas
570 1146 695 1206 distrahi
723 1154 890 1227 nequeunt,
917 1147 996 1207 unde
1024 1150 1148 1226 pignore
1176 1150 1243 1210 dato
1267 1169 1382 1212 asseve-

210 1267 276 1310 rare
299 1249 397 1330 possis
419 1244 530 1307 librum
552 1245 702 1307 decimum
720 1247 879 1324 septimum
899 1263 1060 1325 numquam
1080 1248 1204 1306 seorsim
1225 1251 1381 1311 recitatum

207 1364 287 1426 esse,
314 1345 366 1406 sed
396 1362 514 1422 semper
537 1343 725 1404 antecedenti
748 1345 873 1404 carmini
896 1343 1063 1404 adhaesisse
1087 1353 1117 1403 et
1141 1349 1278 1423 sequenti
1301 1359 1380 1410 arate-

207 1448 344 1506 cessisse.

297 1539 368 1618 §4
415 1539 514 1600 Altera
543 1557 578 1598 ex
607 1545 691 1618 parte
720 1548 790 1600 sum
813 1540 931 1618 quidam
956 1539 1025 1600 iibri
1048 1541 1255 1603 dristarcbeae
1279 1562 1380 1605 receu-

207 1643 314 1719 sioniS,
329 1653 417 1719 'quos
445 1655 481 1697 ex
505 1635 621 1697 dnobus
645 1635 816 1715 pluribusve
840 1637 1022 1698 carminibus
1046 1637 1191 1700 coaluisse
1215 1643 1273 1720 ipsi
1301 1644 1379 1703 tituli

207 1743 357 1800 evincunt.
404 1738 452 1798 Sic
485 1733 571 1795 alteri
599 1735 689 1815 libro,
721 1744 755 1795 ut
782 1735 957 1796 Eustatbius
984 1719 1089 1818 relect,
1117 1740 1295 1817 inscriptum
1324 1739 1380 1802 luit

198 1829 350 1919 ’'Ovetpog
380 1827 547 1913 Διαπειμα
574 1832 721 1894 Βοιωτία
753 1821 774 1912 ἢ
806 1827 989 1912 κατάλογος
1020 1831 1123 1912 νεῶν,
1158 1838 1245 1895 tertio
1266 1827 1379 1919 Ὅμοιοι

211 1933 429 2014 Τειχοσκοαία
448 1925 601 2010 Πάριδος
623 1925 678 1994 καὶ
698 1924 878 1993 Μενελάου
896 1930 1095 2010 μονομαχία,
1119 1941 1225 2009 quarto
1241 1923 1379 2012 Ὁμκίωο

207 2025 368 2111 σύγχυσις
383 2022 627 2110 Ἀγαμέμνονος
650 2021 861 2108 scindapsus,
885 2031 1011 2106 septimo
1027 2020 1186 2108 Ἕκτορος
1203 2023 1258 2089 καὶ
1278 2033 1379 2092 Alov-

206 2147 262 2202 τος
290 2128 477 2209 μονομαχία
505 2123 648 2208 Nexptdv
676 2117 854 2205 ἀναίρεσις.
905 2125 1006 2204 Neque
1033 2125 1090 2185 boe
1118 2145 1189 2187 casu
1220 2127 1378 2191 lortuitove

207 2227 317 2288 laetum
341 2236 400 2307 est,
424 2226 475 2286 sed
500 2244 568 2286 com
592 2226 695 2284 intima
720 2231 825 2285 natura
849 2223 955 2284 horum
978 2227 1143 2284 carminum
1167 2228 1206 2286 ita
1231 2227 1379 2312 cohaeret,

206 2333 240 2386 ut
258 2327 323 2386 eius
342 2344 431 2386 causa
450 2343 485 2385 ex
506 2332 569 2383 arte
589 2329 723 2384 veterum
742 2340 801 2382 nou
817 2330 875 2383 taur
891 2321 1105 2400 rhapscdorum
1121 2341 1208 2403 quam
1223 2335 1378 2404 poetarum
1406 2346 1415 2359 ·

206 2425 359 2501 epicorum
383 2422 543 2502 repetenda
567 2423 615 2482 sit.
651 2420 784 2500 Namque
808 2439 868 2480 non
891 2421 986 2481 seium
1006 2421 1156 2500 catalogus
1175 2427 1302 2506 navium,
1327 2428 1377 2488 sed

206 2521 296 2581 etiam
328 2520 464 2582 lustratio
497 2520 649 2598 copiarum
683 2527 713 2580 et
744 2525 895 2578 certamen
922 2518 1061 2578 Hectoris
1093 2528 1122 2578 et
1154 2522 1251 2582 Aiacis
1284 2525 1376 2584 multo

206 2621 321 2697 aptiora
349 2628 446 2698 erant,
474 2635 549 2696 quae
577 2635 594 2676 a
622 2625 721 2678 cetera
749 2626 833 2696 parte
861 2619 909 2678 sui
932 2615 1000 2676 libri
1024 2616 1237 2678 divellerentur
1260 2630 1289 2681 et
1313 2625 1375 2698 ipsa

205 2733 260 2793 per
284 2732 316 2775 se
340 2719 547 2795 recitarentur,
571 2733 658 2795 quam
682 2715 768 2778 multi
791 2715 860 2776 iibri
883 2715 990 2793 iliadis,
1016 2714 1094 2775 vciut
1113 2714 1162 2774 XV
1182 2725 1211 2776 et
1231 2717 1323 2778 XViii
1347 2729 1376 2780 et

203 2811 285 2892 XXI,
318 2818 369 2892 qui
402 2815 535 2894 quamvis
568 2815 734 2874 arctissime
762 2833 831 2874 cum
859 2813 1056 2892 praecedente
1084 2812 1160 2873 libro
1189 2816 1375 2898 cohaereant,

206 2921 303 2972 tamen
327 2912 432 2973 abillo
456 2931 472 2972 a
495 2913 695 2990 grammaticis
718 2911 826 2994 divulsi
850 2918 928 2991 sunt,
952 2919 985 2971 ut
1008 2928 1045 2970 ue
1064 2913 1143 2970 iusto
1163 2913 1377 2977 voluminosior

205 3007 335 3070 ambitos
359 3013 447 3070 unius
470 3009 540 3069 iibri
563 3009 656 3070 lieret.
703 3009 814 3070 Eodem
839 3009 961 3070 trahunt
984 3008 1109 3069 aliorum
1132 3008 1277 3072 librorum
1297 3014 1376 3075 tituli

203 3111 244 3169 ita
268 3111 443 3188 comparati,
473 3115 507 3167 ut
530 3125 589 3166 non
613 3108 648 3168 ad
674 3106 915 3187 totum'iibrum,
944 3106 996 3168 sed
1019 3115 1135 3185 partem
1158 3107 1285 3188 aliquam
1310 3113 1374 3173 eius

203 3208 380 3286 pertineant.
432 3206 482 3266 Sic
514 3205 593 3284 quod
627 3204 702 3266 liber
734 3205 910 3266 undecimus
940 3195 1184 3284 Ἀγαμέμνονος
1215 3197 1375 3287 ἀριστεία,

203 3306 338 3366 decimus
365 3313 487 3366 octavus
505 3295 715 3382 Ὁπλοποιία,
738 3305 897 3382 vigesimus
921 3301 1104 3383 Θεομαχία,
1132 3305 1292 3382 vigesimus
1315 3311 1375 3386 pri-

201 3422 267 3464 mus
287 3395 390 3483 Μάχη
410 3395 671 3481 παραποτάμιος,
690 3404 849 3482 vigesimus
870 3403 976 3462 tertius
990 3386 1097 3462 5stibio
1116 3395 1168 3463 ἐπὶ
1188 3397 1373 3492 Πατρόκλῳ

202 3500 419 3582 inscribuntur,
442 3519 501 3562 non
525 3509 607 3560 recte
626 3503 666 3560 ita
684 3503 929 3580 interpretantur,
954 3510 986 3560 ut
1005 3521 1021 3560 a
1040 3503 1155 3580 potiore
1175 3511 1259 3582 parte
1279 3512 1374 3567 totum

202 3598 311 3660 librum
341 3599 564 3660 denominatum
587 3615 652 3658 esse
677 3597 785 3656 dicant.
831 3595 977 3658 Nimirum
1002 3598 1082 3658 tituli
1105 3598 1148 3659 iiii
1170 3604 1278 3678 priscis
1303 3611 1373 3662 tem-

202 3696 327 3776 poribus
354 3699 413 3756 nisi
441 3696 476 3756 ad
506 3713 555 3756 eas
583 3712 706 3755 suorum
734 3693 878 3755 librorum
906 3703 1019 3774 partes,
1043 3696 1152 3774 quibus
1176 3716 1244 3756 vere
1268 3701 1374 3759 inscri-

201 3793 314 3856 buntur
338 3795 369 3854 Λ
396 3789 538 3871 1-595,
566 3793 600 3852 Σ
620 3788 811 3871 369-617,
841 3791 873 3851 Φ
895 3787 1085 3871 385-513,
1112 3794 1143 3853 Φ
1169 3792 1310 3874 1-227,
1338 3797 1375 3856 Ψ

201 3887 376 3953 251-897
411 3888 600 3970 pertinebant
628 3897 658 3950 et
685 3889 770 3950 nobis
799 3889 977 3950 documento
1010 3899 1093 3971 suut,
1121 3891 1169 3951 iila
1198 3895 1328 3952 carmina
1357 3915 1372 3956 a

201 3988 359 4067 rhapsodis
385 4007 473 4068 saepe
502 3989 626 4048 seorsim
653 4006 669 4048 a
698 3987 812 4067 reliqua
835 3997 918 4066 parte
943 4007 1065 4049 suorum
1089 3988 1232 4050 librorum
1257 3998 1372 4053 cantata

201 4103 281 4168 csse,
305 4086 384 4166 quod
409 4105 497 4165 quam
520 4087 673 4146 commode
696 4087 762 4146 lieri
785 4087 929 4166 potuerit,
953 4086 1047 4167 laciie,
1071 4091 1096 4147 si
1119 4091 1181 4167 ipse
1206 4089 1371 4164 periculum

202 4185 303 4262 iacies,
324 4182 381 4244 tibi
403 4182 605 4263 persuadebis.

292 4280 349 4341 Sed
383 4283 472 4342 etiam
504 4281 621 4360 longius
655 4301 708 4341 nos
739 4281 880 4360 progredi
911 4300 966 4359 par
999 4290 1051 4340 est.
1098 4281 1174 4340 Sunt
1206 4283 1285 4342 enim
1313 4303 1371 4344 uon

203 4380 299 4440 solum
327 4381 391 4438 eius
420 4379 498 4438 modi
526 4377 607 4458 libri,
637 4397 764 4458 quorum
788 4386 887 4457 partes
911 4379 993 4456 prior
1016 4384 1046 4437 et
1068 4379 1217 4456 posterior
1240 4385 1372 4458 separari

204 4485 233 4537 et
254 4475 353 4537 divelli
376 4476 538 4556 potuerint,
562 4476 612 4536 sed
636 4479 725 4537 etiam
749 4477 831 4558 tales,
854 4479 906 4555 qui
929 4477 1071 4535 intextam
1089 4473 1216 4536 habeant
1235 4477 1372 4558 iabuiam,
