3276 5090
779 400 999 464 -36„.

306 562 398 639 misit,
425 562 476 638 qui
500 559 702 620 laborantibus
725 561 844 621 Achivis
868 571 1079 624 succurrerent
1102 567 1279 643 naviumque
1303 563 1476 624 incendium

304 660 510 736 reprimerent,
560 657 694 718 Patroclo
724 676 792 719 vero
820 659 856 718 ab
884 659 1011 721 Hectore
1040 661 1183 741 Apollinis
1211 680 1266 740 ope
1294 663 1476 740 interempto

305 759 429 836 eiusque
457 773 583 834 corpore
612 774 699 836 aegre
730 759 759 816 in
788 765 883 816 castra
917 757 1010 819 relato
1037 759 1179 840 Achilles,
1211 768 1367 840 postquam
1400 777 1476 819 nova

305 873 385 915 arma
401 854 548 915 Vulcanus
569 855 595 914 ei
616 853 776 914 fabricatus
796 862 853 934 est,
873 855 1084 933 Agamemnoni
1102 856 1311 928 reconciliatus
1330 859 1362 916 in
1380 858 1476 916 aciem

303 953 439 1032 procedit
453 960 483 1012 et
502 960 600 1030 strage
616 951 811 1011 Troianorum
831 953 905 1012 lacta
921 961 1009 1032 atque
1024 953 1151 1015 Hectore
1171 956 1328 1016 interiecto
1347 961 1475 1015 mortem

304 1053 390 1111 amici
423 1050 594 1129 ulciscitur,
626 1049 662 1108 ad
695 1057 879 1128 postremum
912 1060 945 1110 nt
977 1055 1143 1114 animorum
1176 1055 1299 1114 allectus
1331 1052 1476 1112 sedentur

303 1156 391 1226 atque
422 1149 506 1226 qrrasi
535 1153 716 1227 purgentur,
749 1149 879 1207 virorum
914 1149 1156 1230 fortissimorum,
1190 1152 1242 1228 qni
1271 1150 1394 1210 dissidio
1424 1149 1475 1208 illo

304 1248 493 1324 interierant,
516 1243 645 1305 Patrocli
669 1251 698 1304 et
718 1243 853 1305 Hectoris
875 1265 1000 1326 corpora
1019 1256 1198 1309 cremantur
1214 1256 1243 1307 et
1266 1250 1344 1306 iusto
1368 1247 1475 1306 sunere

303 1353 531 1422 componuntur.
578 1342 676 1402 Habes
705 1346 796 1422 igitur
824 1347 909 1422 quasi
937 1344 1068 1405 membra
1097 1348 1184 1406 unius
1212 1347 1360 1424 corporis,
1389 1362 1475 1423 quae,

302 1441 372 1501 licet
395 1442 465 1502 nodi
488 1440 682 1502 articrdorum
704 1441 792 1502 laxati
816 1443 883 1522 sint,
907 1452 1005 1503 tamen
1029 1443 1104 1504 bene
1127 1443 1302 1504 coaluerunt
1325 1451 1354 1502 et
1378 1441 1476 1501 soluta

303 1543 401 1601 minus
425 1540 579 1599 delectant.
617 1537 745 1598 Fabulae
768 1557 838 1598 vero
862 1549 961 1619 partes
979 1543 1020 1602 ita
1040 1561 1105 1602 sese
1125 1543 1306 1620 excipientes
1326 1539 1417 1620 vides,
1440 1547 1477 1599 ut

302 1656 361 1698 non
381 1646 461 1698 recta
481 1637 557 1698 linea
578 1638 707 1697 narratio
726 1637 876 1716 procedat,
898 1639 950 1699 sed
970 1638 1040 1699 orbe
1061 1642 1145 1717 quasi
1164 1640 1323 1700 coniuncto
1343 1646 1477 1696 extrema

302 1735 338 1796 ad
358 1737 483 1814 primam
502 1734 613 1815 redeat,
632 1741 663 1793 et
680 1733 791 1811 proelia
809 1737 1015 1797 universorum
1031 1755 1099 1796 cum
1115 1737 1327 1798 certaminibus
1346 1733 1478 1813 singulo-

302 1851 379 1912 rum,
394 1842 510 1892 atroces
524 1831 629 1892 caedes
645 1849 712 1891 curn
727 1831 843 1894 blandis
857 1831 1154 1914 confabulationibus,
1164 1842 1265 1894 truces
1279 1851 1394 1912 pugnae
1405 1850 1477 1891 cum

302 1931 392 1990 valris
415 1930 562 2009 artificiis,
591 1929 720 1989 lacinora
748 1929 866 1992 roboris
889 1940 919 1992 et
942 1932 1126 1992 tortitudinis
1150 1951 1216 1991 cum
1246 1930 1382 1991 laudibus
1406 1947 1477 2008 pru-

302 2028 419 2088 dentiae
439 2036 468 2088 et
487 2026 547 2087 doli
561 2028 727 2106 gratissima
744 2029 807 2088 vice
822 2033 1011 2091 misceantur.
1044 2029 1125 2100 Quae
1140 2048 1207 2090 cum
1223 2031 1262 2089 ita
1278 2031 1346 2108 sint,
1366 2029 1476 2088 mirum

304 2145 362 2186 nou
392 2135 466 2206 est„
484 2127 562 2206 quod
591 2144 725 2186 summus
752 2125 947 2208 philosophus
975 2126 1149 2188 Aristoteles
1180 2129 1209 2186 in
1238 2126 1314 2186 libro
1345 2125 1382 2185 de
1410 2131 1476 2182 arte

303 2227 418 2304 poetica
442 2243 468 2284 c.
488 2221 530 2284 23
550 2222 711 2284 Homerum
735 2225 885 2303 exemplar
908 2226 1057 2304 perlectae
1081 2225 1202 2285 unitatis
1226 2222 1366 2282 exhibere
1390 2239 1476 2298 prae-

302 2320 394 2380 dicat:
430 2315 485 2380 καί
520 2314 623 2401 ταύτῃ
656 2317 833 2396 θεσπέσιος
864 2313 907 2384 ἂν
940 2321 1062 2403 φανείη
1094 2313 1237 2402 Ὅμηρος
1273 2309 1362 2400 παρὰ
1391 2309 1478 2390 ’τοὺς

301 2410 437 2498 ἄλλους,
460 2415 506 2500 τῷ
530 2409 615 2496 μηδὲ
637 2407 697 2476 τὸν
720 2411 867 2499 πόλεμον
890 2421 1007 2502 καίπερ
1032 2419 1150 2500 ἔχοντα
1173 2408 1280 2498 ἀρχὴν
1303 2411 1358 2477 καὶ
1381 2413 1477 2490 ιίλος

303 2513 506 2598 ἐπιχειρῆσαι
525 2522 633 2576 ποιεῖν
653 2505 747 2576 ὅλον·
767 2516 843 2577 λίαν
862 2509 927 2597 γὰρ
947 2507 990 2579 ἂν
1009 2513 1091 2598 μέγα
1111 2509 1165 2577 καὶ
1185 2505 1246 2576 οὐκ
1266 2504 1477 2576 εὐσύνοπτον

302 2611 437 2695 ἔμελλεν
461 2612 597 2674 ἔσεσθαι
622 2601 642 2690 ἢ
665 2608 711 2696 τῷ
735 2609 868 2692 μεγέθει
898 2608 1073 2696 μετριάζον
1100 2607 1409 2691 καταπεπλεγμέαον
1434 2609 1476 2692 τῇ

301 2711 461 2794 ποικιλίᾳ·
498 2709 564 2771 νῦν
597 2700 629 2770 d’
665 2705 701 2769 ἓν
734 2705 834 2790 μέρος
870 2703 1051 2789 ἀπολαβὼν
1085 2707 1283 2780 ἐπεισοδίοις
1318 2704 1476 2790 κέχρηται

302 2809 454 2885 πολλοῖς,
478 2794 553 2868 οἷον
571 2803 659 2866 νεῶν
682 2799 855 2892 καταλόγῳ
879 2804 934 2870 καὶ
957 2801 1072 2882 ἄλλοις
1095 2797 1146 2880 οἷς
1169 2798 1388 2886 διαλαμβάνει
1411 2796 1476 2884 τὴν

301 2904 446 2985 ποίησιν.

390 3003 428 3063 λι
447 3001 561 3081 singula
581 3004 607 3061 si
626 2999 815 3080 examinabis,
839 3004 896 3063 iam
915 3003 1005 3064 multa
1025 3021 1080 3064 nec
1101 3021 1159 3063 non
1178 3002 1226 3062 illa
1245 3019 1374 3081 quoque,
1398 3019 1476 3079 quae

302 3099 474 3161 Aristotcles
498 3100 634 3179 laudavit,
659 3098 853 3160 redundantia
878 3108 1010 3161 autnon
1034 3101 1109 3161 bene
1133 3102 1291 3160 coniuncta
1311 3093 1476 3176 intelleges,

301 3197 380 3259 llaec
404 3217 472 3259 cum
496 3199 589 3276 magis
617 3215 704 3276 quam
729 3197 947 3258 cohaerentiam
972 3201 1064 3259 totius
1091 3199 1235 3276 poematis
1259 3204 1289 3256 et
1313 3193 1475 3274 aequabili-

300 3303 390 3356 tatem
415 3297 559 3356 orationis
578 3302 608 3354 et
627 3293 687 3354 stili
706 3297 882 3374 respiceret,
907 3293 955 3356 Fr.
970 3296 1042 3375 drag.
1054 3295 1178 3356 Wollius
1197 3313 1232 3355 eo
1251 3294 1398 3354 deductus
1418 3301 1476 3372 est,

300 3400 334 3452 ut
365 3391 527 3453 Homerum
564 3394 771 3452 universorum
808 3393 894 3470 quasi
930 3410 1089 3471 corporum
1122 3392 1220 3453 lliadis
1257 3399 1287 3452 et
1325 3389 1476 3470 Odysseae

302 3491 438 3568 opilicem
466 3507 531 3549 esse
560 3496 683 3566 negaret
709 3496 739 3548 et
767 3487 843 3547 banc
871 3498 964 3550 artem
993 3499 1023 3551 et
1051 3499 1231 3552 structuram
1255 3489 1476 3568 posterioribus

301 3586 427 3647 saeculis
450 3587 573 3647 inditam
597 3603 662 3645 esse
686 3585 798 3645 diceret
822 3581 909 3668 (prol.
934 3607 959 3649 c.
978 3585 1050 3669 31);
1074 3607 1169 3667 neque
1193 3589 1271 3650 enim
1296 3587 1325 3647 id
1349 3595 1475 3664 repente

301 3685 425 3764 lactum,
458 3703 561 3744 verum
594 3684 752 3744 coniuncta
784 3685 815 3742 in
848 3683 904 3742 boc
936 3683 1066 3763 plurium
1099 3692 1228 3745 aetatum
1261 3684 1475 3762 bominumque

300 3783 397 3843 studia
422 3783 557 3860 reperiri.
590 3779 704 3849 Quibus
724 3779 822 3839 verbis
842 3782 867 3840 si
887 3783 931 3840 vir
950 3781 1133 3843 clarissimus
1152 3782 1345 3860 interpolatos
1368 3800 1476 3842 versus

300 3881 504 3959 librorumque
527 3878 668 3939 articulos
691 3896 707 3937 a
730 3878 948 3938 recentioribus
970 3878 1139 3940 Homeridis
1158 3882 1287 3940 insertos
1306 3880 1476 3957 significare

301 3978 406 4058 voluit,
430 3976 560 4038 concidit
583 3975 648 4034 eius
672 3976 832 4056 sententia3
860 3994 927 4035 nam
952 3979 1076 4038 resectis
1099 3977 1158 4037 illis
1181 3976 1254 4037 nillil
1278 3995 1313 4036 ex
1337 3978 1383 4056 iis,
1407 3979 1474 4056 qui-

301 4073 357 4134 bus
387 4091 531 4136 summam
561 4071 661 4132 lliadis
693 4072 839 4134 contineri
869 4073 956 4133 modo
984 4075 1057 4154 dixi,
1088 4074 1315 4135 desiderabitur.
1362 4072 1474 4134 Verum
1518 4075 1521 4082 '

300 4171 417 4251 longius
447 4171 495 4232 ille
526 4179 556 4231 ct
586 4171 638 4248 qui
667 4170 732 4229 eius
762 4171 884 4247 vestigia
914 4170 1051 4249 legerunt
1077 4171 1284 4233 Lachmannus
1311 4167 1476 4230 lloecblius

301 4267 350 4328 alii
387 4271 539 4348 progressi
576 4277 659 4347 sunt3
695 4265 814 4326 lliadem
847 4270 925 4328 enim
957 4271 1007 4330 isti
1039 4271 1188 4348 perlectae
1225 4269 1347 4346 imagini
1384 4270 1476 4328 unius

301 4365 418 4423 artificii
441 4365 514 4424 adeo
538 4365 687 4426 adversari
711 4376 866 4446 negarunt,
889 4375 922 4427 ut
945 4367 1060 4446 singula
1084 4368 1214 4427 carmina
1238 4385 1291 4425 suo
1316 4364 1373 4425 talo
1393 4372 1476 4426 stare

301 4477 399 4540 neque
422 4460 478 4521 alio
501 4462 619 4522 vinculo
643 4471 742 4523 vetera
766 4467 896 4524 carmina
920 4463 1019 4525 lliadis
1043 4466 1101 4524 nisi
1124 4464 1203 4542 quod
1226 4465 1257 4524 in
1282 4461 1386 4523 eodem
1410 4461 1476 4524 iere
