3276 5090
752 421 981 532 --46--Ι

271 584 374 646 νίοισι
402 584 583 666 μαχοίμην,
611 589 641 646 et
668 589 699 647 in
727 585 803 646 libro
832 587 947 646 decimo
977 588 1065 646 tertio
1094 595 1125 646 et
1148 588 1239 648 duces
1263 586 1442 646 Achivorum

273 683 485 760 Agamemnoni
512 676 564 766 (N
591 676 668 766 107)
702 690 732 744 et
760 685 873 743 Aeneas
900 683 1045 744 Troianus
1075 683 1193 743 Priamo
1222 683 1260 743 N
1284 679 1351 743 460
1379 699 1445 742 suc-

275 797 397 842 censere
421 789 452 840 et
470 785 601 860 segniter
620 800 683 842 rem
702 799 789 860 agere
809 781 954 862 dicantur,
978 782 1065 841 cuius
1084 781 1129 840 rei
1147 782 1178 840 in
1198 779 1445 840 antecedentibus

273 877 358 939 libris
381 897 436 939 nec
460 878 523 939 vola
547 897 603 939 nec
627 880 793 957 vestigium.
829 877 949 939 Nullum
973 896 1043 938 vero
1067 876 1241 956 scrupulum
1264 875 1445 937 Lachmanni

273 979 370 1036 animo
393 979 505 1038 inicere
521 973 664 1056 debebat,
687 975 767 1054 quod
789 974 931 1054 luppiter,
954 981 1111 1053 postquam
1134 977 1165 1034 in
1188 975 1246 1033 fine
1269 975 1358 1052 primi
1377 973 1447 1034 iibri

274 1091 332 1133 una
356 1091 424 1133 cum
448 1071 560 1133 lunone
585 1071 719 1132 cubitum
741 1074 803 1153 ivit,
826 1075 857 1132 in
881 1072 1002 1133 exordio
1026 1072 1151 1133 secundi
1174 1071 1243 1132 libri
1261 1081 1329 1132 ante
1348 1071 1446 1132 lucem

273 1175 303 1231 in
332 1171 409 1231 lecto
433 1173 625 1229 iacenscunr
649 1169 759 1230 Somno
783 1189 816 1230 ea
841 1172 1077 1250 communicavit,
1102 1189 1177 1249 quae
1202 1189 1323 1232 risorem
1348 1171 1447 1232 celare

272 1287 332 1329 nou
352 1286 461 1348 cupere
476 1285 535 1327 non
550 1275 675 1347 poterat.
712 1267 814 1347 Neque
829 1268 901 1329 haec
916 1271 955 1328 ita
971 1267 1046 1347 dico,
1066 1275 1215 1346 tamquam
1230 1267 1447 1346 neglegentiam

273 1373 360 1445 poeta
376 1363 492 1425 laudern
507 1373 557 1425 aut
571 1384 671 1425 rerum
686 1365 900 1445 discrepantias
914 1383 1038 1444 prorsus
1053 1365 1250 1444 neglegendas
1259 1384 1325 1426 esse
1334 1372 1449 1445 putem,

274 1463 326 1523 sed
354 1463 433 1542 quod
462 1481 520 1523 non
552 1471 666 1524 tantum
689 1483 739 1525 eas
762 1463 859 1524 valere
884 1465 988 1543 sentio,
1012 1471 1045 1523 ut
1069 1462 1147 1523 solae
1172 1464 1294 1538 ciuitatis
1317 1463 1448 1543 speciem

274 1556 454 1640 redarguere
469 1569 558 1640 atque
573 1571 707 1623 evertere
721 1563 845 1639 possint.
882 1561 956 1621 Nam
969 1559 1209 1643 Lachmanniani,
1223 1563 1275 1640 qui
1290 1560 1450 1620 levissimis

274 1659 482 1739 discrepantiis
498 1665 612 1720 tantum
627 1659 806 1740 tribuerunt,
821 1669 854 1720 ut
869 1659 960 1718 libros
976 1667 1056 1718 arcte
1071 1659 1274 1739 cohaerentes,
1289 1657 1370 1718 velut
1380 1657 1413 1717 Γ
1419 1665 1451 1717 et

275 1759 308 1818 Δ
326 1757 501 1819 dirimerent
524 1765 555 1816 et
577 1757 666 1817 alium
690 1755 739 1816 alii
761 1765 865 1837 poetae
890 1753 1116 1840 assignarent¹),
1140 1777 1209 1818 cum
1232 1757 1269 1817 de
1292 1751 1451 1816 minutulis

276 1855 366 1916 rebus
386 1854 578 1934 expediendis
596 1854 801 1935 desperabant,
825 1873 888 1915 rem
908 1873 977 1916 rere
997 1859 1102 1916 miram
1121 1833 1294 1933 probabant
1332 1851 1449 1932 Ecquid

274 1957 353 2014 enim
377 1951 542 2013 mirabilius
566 1939 690 2030 cogitari
713 1959 824 2032 potest,
853 1971 940 2030 quam
965 1955 990 2014 si
1015 1952 1293 2032 quis'vioiationem
1318 1949 1449 2010 foederis

275 2051 411 2112 versibus
438 2047 629 2130 illustrasset,
658 2048 762 2110 foedus
790 2052 888 2129 ipsum
912 2049 1030 2110 silentio
1054 2051 1318 2128 praetermisisset,
1346 2054 1398 2108 aut
1422 2050 1449 2107 si

273 2148 349 2208 alius
378 2156 465 2228 poeta
493 2149 593 2227 potius
620 2165 707 2226 quam
732 2149 783 2226 qui
807 2155 957 2207 certamen
982 2145 1097 2206 Paridis
1121 2155 1150 2206 et
1174 2145 1299 2207 Menelai
1322 2145 1447 2206 trustra·

274 2253 339 2306 tum
372 2246 493 2324 cecinit,
522 2263 570 2306 res
598 2263 673 2325 qnae
703 2263 737 2304 ex
766 2229 958 2305 frustratione
986 2245 1158 2305 certaminis
1188 2241 1450 2322 consequebantur

273 2360 380 2403 canere
410 2339 584 2403 maluisset?
618 2341 732 2402 idcirco
761 2361 820 2402 non
848 2361 965 2402 omnem
994 2342 1069 2402 hanc
1098 2343 1250 2402 materiam
1278 2341 1450 2418 exlraurire,

275 2440 327 2501 sed
351 2441 512 2518 insigniora
536 2439 680 2520 quaedam
703 2439 835 2518 exempla
859 2457 1026 2518 proponere
1050 2448 1080 2499 et
1103 2447 1243 2500 excutere
1267 2441 1450 2499 inanimum

275 2537 386 2600 induxi

363 2645 382 2722 ξ
406 2643 458 2706 31.
505 2645 583 2706 Nihil
611 2648 705 2724 magis
733 2652 794 2705 tota
817 2647 847 2704 in
871 2643 960 2704 iliade
984 2643 1108 2704 oilendit
1135 2662 1223 2723 quam
1247 2643 1338 2722 quod·
1350 2641 1451 2723 Pylae-

276 2761 387 2822 menes,
409 2741 629 2822 Paphlagonum
654 2761 716 2822 rex,
743 2744 772 2801 in
797 2743 901 2823 quinto
925 2741 1001 2801 libro
1026 2741 1057 2801 E
1077 2738 1252 2802 oto-otti
1277 2759 1293 2800 a
1318 2741 1451 2801 Menelao

275 2842 393 2900 occisus
416 2858 491 2920 esse,
514 2843 545 2899 in
570 2840 685 2900 decimo
705 2841 793 2898 tertio
813 2839 889 2900 libro
908 2840 946 2899 N
962 2835 1137 2900 ono-659
1157 2840 1248 2899 occisi
1268 2837 1320 2898 lllii
1339 2855 1452 2919 corpus

277 2936 434 2998 lacrimans
458 2940 592 2997 comitari
615 2945 762 2998 narratur.
799 2937 878 2997 Hace
897 2937 1034 3016 equidem
1054 2936 1135 2996 nullo
1155 2936 1241 2997 modo
1261 2955 1450 3016 concoquere

276 3053 396 3115 possum
430 3043 460 3095 et
488 3031 649 3096 Homerum
673 3053 777 3094 vereor
801 3043 860 3096 tarn
889 3033 1064 3094 obliviosum
1092 3035 1217 3116 fingere,
1241 3042 1274 3095 ut
1298 3052 1357 3094 non
1381 3051 1450 3112 gre-

273 3134 348 3208 garii
379 3132 495 3212 militis,
527 3133 579 3193 sed
612 3133 697 3195 ducis
730 3140 759 3192 et
792 3135 871 3209 regis
904 3139 1031 3191 mortem
1059 3149 1091 3190 se
1124 3149 1245 3194 narrare
1279 3133 1451 3193 meminisse

273 3247 386 3306 negem.
424 3228 526 3310 Neque
551 3239 649 3291 tamen
673 3237 728 3310 est,
751 3247 806 3290 cur
829 3230 905 3290 hanc
929 3228 967 3288 ob
991 3245 1109 3288 oausam
1130 3237 1281 3289 auctorem
1301 3229 1368 3290 libri
1388 3249 1449 3290 non

275 3327 462 3388 diomedeam
482 3330 600 3387 novisse
624 3333 674 3386 aut
697 3323 747 3384 alii
770 3344 834 3386 eam
858 3329 986 3405 poemati
1010 3329 1151 3386 insertam
1176 3325 1305 3386 voluisse
1329 3329 1449 3390 conclu-

273 3425 386 3486 damus.
438 3425 603 3504 Utrumque
641 3425 720 3484 enim
762 3432 893 3486 statuere
930 3421 1023 3484 multo
1060 3420 1202 3483 audacius
1240 3430 1270 3482 et
1301 3426 1448 3504 improba-

274 3521 362 3583 bilius
394 3531 452 3604 est,
487 3541 574 3601 quarn
609 3539 713 3582 versus
745 3530 796 3582 aut
824 3523 856 3582 E
882 3517 1057 3583 nto-589
1086 3528 1137 3580 aut
1165 3521 1200 3580 N
1226 3517 1402 3583 not-659
1432 3543 1448 3582 a

274 3621 440 3680 recentiore
464 3628 550 3696 poeta
574 3618 690 3680 additos
713 3620 845 3680 credero.
883 3618 946 3679 Duo
971 3621 1049 3677 enim
1074 3615 1115 3675 illi
1139 3614 1206 3697 loci,
1229 3617 1298 3678 iicet
1316 3621 1374 3698 ipsi
1394 3638 1450 3698 per

274 3736 306 3776 se
326 3715 399 3777 nibil
418 3715 590 3776 ollensionis
609 3715 745 3796 habeant,
765 3725 861 3776 tamen
881 3719 920 3775 ita
941 3715 1071 3776 resecari
1089 3724 1224 3796 possunt,
1243 3725 1276 3775 ut
1291 3725 1449 3778 contextus

276 3866 378 3874 ·-—--·—-
393 3867 443 3873 ---
480 3867 487 3872 .

366 3940 466 4010 1)Hns
491 3941 519 3995 in
543 3945 638 4010 partes
662 3941 811 3994 inclinasse
834 3939 919 3995 miror
943 3940 1029 3994 etiam
1053 3939 1229 4010 philologum
1248 3939 1448 3997 Academicum

277 4023 436 4076 nostrorum
455 4023 613 4090 temporum
639 4019 799 4086 Hentzium,
827 4019 875 4087 qui
904 4019 931 4072 in
956 4019 1083 4072 secundis
1107 4019 1179 4072 curis
1203 4019 1267 4073 libri
1291 4019 1448 4090 utilissimi,

223 4133 226 4140 ·
274 4099 396 4170 Anhang
422 4119 455 4156 nn
481 4101 598 4156 Homero
623 4101 689 4154 llius
707 4098 732 4151 11
757 4103 804 4165 2⁷,
833 4099 872 4151 sie
895 4098 1160 4152 commentationem
1184 4099 1219 4151 dc
1248 4102 1349 4166 quarto
1374 4102 1448 4155 libro

274 4179 393 4234 clnndit:
422 4181 474 4234 Die
500 4179 717 4250 cigentdmliche
736 4175 801 4245 Art,
825 4177 877 4231 wie
902 4177 947 4232 dio
966 4177 1117 4246 Handlnng
1140 4178 1170 4231 in
1190 4181 1215 4230 Δ
1234 4179 1449 4249 weltergefribrt

276 4256 356 4324 wind,
380 4260 418 4312 ist
444 4261 531 4313 durch
557 4260 604 4314 die
627 4257 856 4328 rothergehende
875 4257 1035 4326 Bmiblung
1054 4275 1084 4311 so
1103 4257 1196 4326 wenig
1214 4259 1371 4313 vermitielt
1389 4261 1446 4314 und

274 4337 398 4391 entiernt
425 4337 486 4392 sich
514 4355 545 4393 so
575 4339 639 4393 sehr
666 4355 722 4392 von
750 4339 804 4392 den
827 4337 893 4390 dort
915 4336 1075 4406 gegebcneu
1101 4335 1363 4408 Voroussetznngen
1389 4339 1448 4393 und

274 4414 412 4481 Motiven,
441 4415 502 4469 dela
526 4435 591 4472 man
614 4417 740 4474 zweileln
764 4417 852 4484 mnis,
882 4417 917 4471 ob
941 4417 1001 4471 bier
1025 4417 1096 4470 noch
1121 4417 1165 4472 dio
1191 4419 1272 4472 Hand
1296 4419 1445 4474 desselben

270 4490 403 4548 Dichters
421 4509 454 4546 nu
475 4495 615 4550 erkennen
634 4497 680 4566 ist,
699 4499 818 4553 welobor
838 4499 865 4552 Γ
880 4496 1013 4551 dichtete.

1621 531 1624 620 l
