3276 5090
754 419 971 483 „16-

279 586 401 666 bantur,
434 603 483 645 res
514 586 578 662 ipsa
608 583 734 663 ferebat,
767 591 802 643 ut
832 600 906 661 quae
934 584 1059 642 maxime
1087 583 1166 642 inter
1194 599 1226 642 se
1255 580 1456 642 cohaerebant

280 686 411 744 carmina
439 683 583 761 eligerent
610 684 899 760 coniungerentque,
928 679 1008 740 velut
1039 679 1065 740 1.
1094 676 1124 740 2.
1154 677 1183 740 3.
1208 677 1236 740 5.
1261 677 1291 740 6.
1317 677 1345 740 7.
1369 677 1399 740 8.
1423 677 1454 740 9.

282 780 332 842 10.
358 779 408 843 11.
435 778 483 842 12.
510 777 559 860 13,
584 779 628 840 vel
654 777 709 841 18:
728 777 778 840 20.
802 775 854 840 21.
878 775 930 838 22.
954 774 1005 837 23.
1029 774 1081 858 24,
1105 776 1151 836 vel
1174 773 1226 838 25.
1250 774 1301 837 26.
1326 774 1377 838 2‘l.
1402 773 1454 843 28.

281 876 337 957 29,
365 875 485 939 ve132.
513 875 564 938 33.
593 873 645 938 35.
673 874 725 937 36.
752 873 804 938 37.
850 875 959 935 Verum
988 877 1013 934 si
1041 874 1176 934 homines
1204 883 1296 934 totam
1325 873 1454 934 fabulam

281 976 399 1036 Iliacam
418 993 598 1054 cognoscere
618 973 763 1054 volebant,
782 974 820 1035 ob
840 976 984 1052 temporis
1003 981 1102 1034 autem
1121 972 1296 1033 brevitatem
1315 973 1455 1033 omnibus

282 1073 332 1133 xi
369 1072 551 1136 carminibus
587 1071 743 1132 audiendis
781 1091 840 1132 non
872 1069 1028 1151 vacabant,
1061 1073 1189 1149 primum
1223 1073 1456 1149 circumspicere

281 1171 445 1250 rhapsodos
472 1167 640 1251 oportebat,
668 1187 743 1249 quae
766 1171 897 1230 earmina
920 1170 984 1229 sine
1009 1187 1113 1250 magno
1138 1167 1252 1228 tabulae
1277 1169 1457 1228 detrimento

282 1269 378 1329 omitti
401 1276 531 1348 possent.
568 1266 648 1326 Talia
671 1275 776 1346 sponte
801 1287 832 1327 se
856 1265 1019 1328 ollerebant
1043 1259 1238 1346 Κατάλονος
1260 1262 1364 1344 νεῶν,
1388 1268 1458 1325 Δο-

282 1359 419 1445 λώνεια,
450 1355 659 1442 Ὁτλοτοιία,
686 1350 793 1426 'Auta
826 1359 878 1426 ἐπὶ
911 1355 1112 1448 Πατρόκλῳ,
1146 1353 1305 1443 Ἕκτορος
1338 1355 1454 1443 λύτρα,

194 1507 197 1514 .
282 1462 411 1541 denique
436 1481 510 1542 quae
530 1469 679 1541 tamquam
699 1462 830 1540 cpisodia
849 1459 1033 1540 longioribus
1052 1459 1234 1521 carminibus
1253 1463 1364 1521 intexta
1385 1469 1457 1521 sunt

287 1559 520 1640 Τειχοσκοπία,
546 1551 781 1640 Ἐπιτιόλησις,
811 1551 1005 1638 Διομήδους
1031 1553 1087 1620 καὶ
1111 1550 1266 1619 Γλαύκου
1290 1551 1454 1639 συμβολή,

285 1651 509 1736 Σαρπηδόνος
518 1647 697 1739 ἀναίρεσις,
708 1648 962 1737 Αὐτομέδοντος
976 1646 1136 1736 ἀριστεία,
1148 1653 1288 1716 Αἰνείου
1297 1647 1458 1736 ἀριστεία.

285 1754 343 1816 Sed
362 1758 388 1814 si
407 1773 444 1815 ue
463 1754 511 1816 his
529 1755 649 1834 quidem
668 1753 851 1815 carminibus
869 1755 993 1814 resectis
1014 1761 1132 1833 tempus
1147 1755 1201 1813 toti
1216 1751 1321 1812 lliacae
1340 1751 1457 1812 fabulae

285 1854 466 1913 enarrandae
486 1851 662 1932 sufficiebat,
685 1853 773 1912 etiam
790 1855 883 1930 magis
900 1852 1030 1912 earmina
1047 1849 1249 1912 contrahenda
1265 1857 1358 1931 erant,
1377 1850 1457 1929 quod

285 1969 344 2030 quo
368 1951 455 2011 modo
479 1951 589 2011 iactum
612 1969 678 2010 esse
697 1950 839 2030 videatur,
863 1950 909 2010 his
928 1948 1083 2010 ordinibus
1103 1951 1269 2009 carminum
1288 1947 1459 2008 illustrabo:

376 2041 1348 2124 mamemmmmmmmmm

376 2139 1218 2222 1ammmmmmmmmm

379 2242 404 2302 ι.
429 2241 457 2303 2.
484 2240 532 2304 18.
557 2239 608 2303 νο.
632 2241 683 2302 21.
708 2239 847 2303 es-ae.
872 2237 923 2302 aa.
947 2238 999 2302 se.
1023 2237 1075 2300 sa.
1099 2237 1151 2318 as,

378 2333 1139 2416 1ammmmmmmmm

377 2432 836 2498 aammmmm

286 2536 420 2613 [lenique
444 2537 469 2594 si
493 2537 560 2614 quis
583 2553 619 2594 ex
643 2551 690 2595 me
715 2542 850 2613 quaerat,
879 2549 954 2612 quos
978 2535 1194 2612 sapientissime
1218 2541 1335 2612 optasse
1359 2534 1461 2592 existi-

287 2651 377 2711 mem,
405 2632 484 2692 baud
512 2640 689 2717 cunctanter
717 2632 843 2710 palmam
871 2633 908 2691 iis
936 2631 1078 2712 tribuam,
1110 2634 1161 2711 qui
1189 2639 1303 2710 partem
1332 2630 1461 2710 aliquam

287 2729 403 2810 plenam
423 2747 510 2809 quam
530 2728 728 2791 abbreviatam
748 2737 839 2789 totam
858 2727 978 2790 lliadem
998 2729 1222 2808 postulaverint,
1241 2731 1368 2790 maxime
1387 2745 1460 2789 vero

287 2827 403 2887 landem
431 2829 482 2906 qni
506 2834 557 2887 aut
580 2829 705 2906 primam
729 2836 759 2886 et
783 2825 975 2887 clarissimam
998 2835 1113 2906 partem
1137 2829 1198 2887 sitve
1222 2829 1352 2886 carmina
1378 2826 1405 2887 1.
1430 2824 1460 2886 2.

288 2923 317 2985 3.
341 2921 459 3003 5·-l2,
483 2931 535 2985 aut
557 2943 591 2984 ex
616 2926 697 2986 omni
720 2941 844 2984 numero
868 2925 1032 2984 carminum
1058 2924 1293 3002 praeclarissima
1324 2941 1461 3004 quaeque

289 3024 349 3082 sive
377 3020 403 3083 1.
427 3020 456 3082 2.
480 3019 509 3082 3.
534 3019 562 3082 5.
589 3019 638 3082 11.
665 3019 713 3083 18.
739 3017 789 3082 25.
813 3018 855 3081 37
880 3021 1032 3100 elegerint.

668 3207 717 3260 De
742 3203 1072 3273 interpolationibus.

377 3322 397 3399 ἓ
432 3321 480 3383 12.
527 3322 727 3402 luterpolandi
764 3323 887 3401 prurigo
924 3325 1184 3400 grammaticorum
1217 3325 1460 3403 imitatorumque

288 3419 399 3481 nullius
427 3438 486 3480 non
514 3423 617 3482 nocuit
645 3422 803 3500 scriptoris
831 3423 1007 3502 integritati,
1035 3439 1132 3502 neque
1157 3423 1356 3501 antiquissimi
1379 3423 1461 3500 inge-

290 3519 509 3596 niosissimique
533 3527 637 3599 poetae
657 3518 778 3579 llomeri
798 3521 964 3578 reverentia
983 3527 1063 3580 tanta
1083 3519 1147 3600 luit,
1171 3530 1204 3580 nt
1223 3519 1307 3580 scioli
1326 3519 1462 3580 homiues

290 3635 343 3678 sua
367 3623 533 3678 commenta
557 3615 708 3696 dactylicis
732 3607 857 3694 pedibus
880 3616 994 3677 inclusa
1018 3617 1178 3696 praeclaris
1197 3617 1333 3678 versibus
1352 3619 1462 3678 sommi

290 3717 363 3776 ratls
400 3717 533 3775 intexere
570 3715 801 3776 deterrerentur.
858 3712 1041 3793 Quamquam
1080 3717 1240 3776 auotoritas
1277 3716 1461 3774 recensionis

290 3813 495 3874 Aristarcbeao
534 3812 697 3892 probibuit,
735 3814 893 3891 quominus
931 3821 998 3890 post
1030 3812 1234 3873 Aristarchum
1271 3811 1460 3892 interpolatio

291 3911 414 3972 liberius
443 3920 629 3989 grassaretur
657 3927 795 3970 omnesve
823 3909 942 3970 codices
969 3910 1129 3971 invaderet.
1176 3909 1246 3970 lude
1271 3910 1462 3990 factumest,

290 4017 323 4069 ut
351 4025 468 4087 versps,
497 4010 549 4088 qni
576 4010 663 4087 pauci
692 4026 707 4066 a
731 4006 872 4068 llomanis
893 3999 1101 4084 Byzantinisve'
1126 4007 1255 4068 librariis
1279 4006 1370 4066 additi
1394 4023 1461 4067 esse

291 4105 441 4188 videntur,
471 4109 501 4166 ia
530 4104 647 4168 codices
677 4106 804 4183 optimos
833 4123 893 4165 non
915 4101 1093 4185 irrepserint
1115 4114 1145 4166 et
1167 4103 1302 4184 plerique
1326 4121 1380 4183 per
1404 4103 1461 4164 Eu-

291 4205 430 4265 stachium
460 4202 555 4266 solum
584 4203 629 4264 vel
657 4202 845 4264 scholiastam
869 4200 992 4264 Victorii
1020 4204 1106 4265 nobis
1129 4203 1322 4264 innotuerint.
1330 4197 1354 4284 ¹)
1401 4202 1460 4262 Sed

382 4343 407 4408 1)
428 4339 529 4395 Confer
547 4342 714 4410 apparatum
734 4338 860 4394 criticum
880 4338 916 4393 ad
934 4343 956 4391 A
976 4343 1018 4392 69.
1033 4343 1054 4392 Β
1070 4343 1129 4395 tia.
1147 4339 1461 4394 reomanensi

294 4427 310 4474 l
328 4425 386 4474 119.
406 4422 442 4472 Μ
458 4425 517 4474 424.
538 4421 570 4474 Ν
586 4425 646 4474 218.
666 4423 727 4473 367.
746 4423 805 4474 433.
826 4425 886 4473 666.
906 4421 934 4478 Ξ
951 4423 1011 4472 241.
1031 4425 1090 4473 279.
1110 4424 1169 4472 361.
1192 4421 1254 4473 06.
1274 4424 1316 4472 22.
1338 4423 1380 4472 78.
1400 4421 1460 4472 689.

293 4502 317 4554 Τ
333 4503 376 4554 30.
399 4501 430 4552 Ψ
445 4504 506 4556 638.
525 4501 551 4553 Ω
571 4505 630 4554 804.
