3202 5086
307 366 373 433 500
794 367 946 418 τοιεεοε
966 366 989 419 ο

306 534 392 596 ἔνθα
415 525 446 594 κ’
472 532 519 594 ἔτι
543 532 661 616 μείζων
685 551 719 594 τε
742 527 797 594 καὶ
820 523 1067 613 ἀργαλεώτερος
1089 522 1190 605 άλλος

306 635 373 724 ιιδιρ
399 633 482 714 Διὸς
504 633 707 703 ἀθανάτοισι
731 633 830 722 χόλος
852 634 907 701 καὶ
931 637 1029 720 μήνις
1052 630 1193 720 ἐτύχθη,

307 747 338 810 εί
359 739 403 830 μή
425 738 550 827 Ἀθήνη
575 744 655 807 πᾶσι
679 744 916 829 περιδίείσασα
938 749 1073 808 θεοῖσιν

308 840 394 937 ὦρτο
419 847 490 916 διὲκ
513 847 709 936 προθύρου,
733 852 805 914 λίπε
830 845 867 914 δέ
891 845 1038 934 θρόνον,
1063 851 1148 914 ἔνθα
1171 845 1339 916 θάασσεν·

306 959 368 1023 τοῦ
393 951 424 1022 δ’
450 953 515 1022 ἀπὸ
540 954 602 1041 μὲν
624 957 771 1040 κεφαλῆς
793 950 916 1040 κόρυθ’
942 955 1046 1022 είλετο
1069 955 1124 1022 καὶ
1148 956 1249 1034 σάκος
1272 951 1391 1042 ὤμων,
1432 972 1478 1021 125

308 1067 401 1149 ἔγχος
426 1059 456 1128 δ’
483 1065 598 1146 ἔστησε
622 1063 780 1149 στιβαρῆς
803 1057 868 1128 ἀπὸ
892 1057 1002 1148 χειρὸς
1024 1060 1147 1128 ἑλοῦσα

307 1166 460 1256 χάλκεον·
485 1165 505 1254 ή
531 1167 567 1236 δὲ
589 1170 725 1236 λέπεσσι
748 1166 937 1234 καθάπτετο
960 1169 1093 1255 θοῦρον
1109 1165 1228 1254 Ἀρηα·

308 1273 529 1363 ,,μαινόμενε,
552 1275 680 1362 φρένας
702 1271 775 1362 ήλέ,
800 1274 993 1360 διέφθορας.
1040 1265 1060 1360 ή
1084 1272 1128 1342 νύ
1151 1299 1202 1341 τοι
1225 1271 1334 1352 αὕτως

308 1378 404 1449 οὔατ’
431 1379 594 1466 ἀκουέμεν
618 1386 702 1466 ἔστι,
725 1378 805 1459 νόος
828 1376 859 1446 δ’
886 1377 1038 1448 ἀπόλωλε
1061 1378 1116 1446 καὶ
1141 1376 1253 1458 αίδάς.

308 1485 370 1556 οὐκ
393 1484 476 1567 ἀίεις
499 1485 522 1554 ά
544 1489 581 1554 τί
602 1507 684 1572 φησι
707 1485 772 1554 θεὰ
796 1485 1000 1566 λευκώλενος
1014 1484 1117 1573 Ἥρη,

308 1591 329 1681 ἢ
354 1593 395 1680 δή
419 1597 484 1662 νῦν
507 1590 573 1680 πάρ
599 1593 707 1680 Ζηνὸς
728 1591 906 1680 Ὀλυμπίου
929 1591 1146 1678 είλήλονθεν;

308 1692 329 1788 ή
355 1701 480 1780 ἐθέλεις
503 1695 603 1780 αὐτὸς
626 1697 688 1786 μέν
712 1697 905 1786 ἀναπλήσας
927 1698 1011 1767 κακὰ
1035 1697 1142 1767 πολλά

309 1803 357 1887 ἀφ
380 1815 455 1894 ίμεν
479 1805 716 1894 Οὔλυμπόνδε,
740 1807 795 1874 καὶ
818 1803 1005 1894 ἀχνύμενός
1026 1831 1102 1892 περ,
1126 1803 1272 1895 ἀνάγκη,

309 1911 415 2002 αὐτὰρ
438 1927 508 1995 τοῖς
531 1913 662 1982 άλλοισι
685 1910 789 1981 κακὸν
812 1915 895 2000 μέγα
918 1918 999 1981 πᾶσι
1023 1917 1203 1999 φυτεῦσαι;

309 2019 427 2087 αὐτίκα
449 2020 514 2108 γὰρ
542 2025 656 2109 Τρῶας
679 2018 741 2106 μὲν
764 2017 982 2108 ὑπερθύμους
1004 2022 1059 2088 καὶ
1081 2018 1234 2107 Ἀχαιοός
1436 2039 1484 2087 135

310 2133 431 2214 λείψει,
455 2123 473 2195 δ’
497 2124 528 2194 δ’
553 2123 656 2214 ἡμέας
679 2123 743 2194 είσι
765 2129 980 2214 κυδοιμήσων
1004 2130 1036 2208 ές
1050 2125 1237 2213 Ὀλυμπον,

309 2232 432 2321 μάρψει
456 2229 488 2302 δ’
514 2234 617 2319 ἑξείης
640 2229 677 2311 ὅς
699 2231 728 2300 τ’
755 2241 860 2314 αἴτιος
883 2232 919 2314 ὅς
941 2261 976 2302 τε
998 2235 1053 2302 καὶ
1077 2231 1162 2301 οὐκί.

309 2345 354 2430 τῷ
379 2338 410 2407 σ’
436 2331 480 2408 αὖ
504 2344 569 2408 νῦν
590 2341 726 2427 κε’λομαι
750 2341 895 2427 μεθέμεν
918 2340 1020 2428 χόλον
1044 2335 1116 2420 υἷος
1139 2341 1222 2408 εὀῑο·

310 2447 375 2535 ήδη
398 2447 462 2535 γάρ
486 2473 534 2526 τις
556 2457 617 2515 τοῦ
640 2473 677 2533 γε
700 2453 778 2534 βίην
802 2447 857 2514 καί
881 2461 992 2536 χεῖρας
1015 2445 1163 2534 ἀμείνων

311 2551 331 2642 ἢ
355 2550 472 2641 πέφατ’
499 2549 519 2640 ἢ
542 2555 597 2621 καλ
621 2560 731 2622 ἔπειτα
755 2553 948 2642 πεφήσεται·
973 2552 1137 2642 ἀργαλέον
1161 2555 1202 2621 δέ
1437 2575 1486 2622 140

311 2660 446 2729 πάντων
469 2657 662 2748 ἀνθρώπων
686 2663 812 2748 ῥῦσθαι
835 2662 955 2748 γενεήν
977 2687 1012 2728 τε
1034 2660 1134 2730 τόκον
1157 2665 1224 2730 τε.“

400 2764 444 2846 δίς
466 2765 618 2836 ίειποῦσ’
644 2769 761 2854 ἵδρυσε
784 2767 900 2857 θρόνῳ
925 2773 975 2835 ἔνι
997 2770 1130 2855 θοῦρον
1146 2766 1260 2855 Ἀρηα.

311 2872 397 2960 Ἥρη
423 2871 453 2941 δ’
477 2873 667 2942 Ἀπόλλωνα
690 2873 872 2942 καλέσσατο
897 2871 1049 2960 δώματος
1072 2873 1164 2955 έκτός

308 2971 392 3068 Ἰρίν
414 2979 465 3066 θ’,
489 2979 510 3069 ή
533 3008 567 3049 τε
590 2991 702 3049 θεοῖσι
726 2979 924 3068 μετάγγελος
947 2979 1184 3050 ἀθανάτοισιν·

311 3092 370 3154 καί
390 3107 476 3174 σφας
499 3084 674 3175 φωνήσασ’
701 3092 778 3154 ἔπεα
801 3085 979 3174 πτερόεντα
1003 3089 1193 3177 προσηύδα·
1438 3110 1489 3158 145

313 3245 334 3278 ,‚
343 3194 427 3274 Ζεὺς
450 3195 524 3286 σφῴ
549 3199 595 3274 είς
619 3192 714 3280 Ἴδην
737 3191 840 3262 κέλετ’
867 3197 1007 3280 ἐλθέμεν
1032 3192 1101 3264 ὅττι
1124 3195 1274 3284 τάχιστα·

312 3298 418 3388 αὐτὰρ
442 3298 524 3387 έπήν
548 3305 682 3388 ἔλθητε,
706 3300 791 3381 Διός
812 3297 843 3369 τ’
870 3305 917 3379 είς
940 3293 1014 3370 εδπα
1037 3307 1197 3389 ίίδησθε,

312 3410 447 3494 λε’ρδειν
471 3404 545 3475 ὅττί
563 3433 599 3474 κε
622 3421 731 3488 κεῖνος
755 3406 919 3496 έποτρόνη
943 3409 998 3474 καὶ
1022 3406 1168 3498 ἀνάγη.“

402 3509 423 3599 ἢ
447 3513 509 3600 μέν
533 3509 586 3600 ἄρ’
612 3511 656 3593 δς
677 3517 840 3582 λειποῦσα
863 3513 965 3582 πάλιν
988 3520 1037 3582 κίε
1061 3515 1181 3584 πότνια
1205 3513 1308 3604 Ἥρη,

315 3622 402 3702 ἕζετο
426 3618 457 3687 δ’
485 3619 551 3686 είνλ
573 3617 703 3712 θρόνφ·
725 3621 771 3688 τδι
796 3617 828 3688 δ’
854 3618 986 3701 ἀίξαντε
1011 3624 1185 3710 πετέσθην.
1439 3645 1492 3692 ιοο

388 3795 599 3855 124b=1194
673 3797 898 3853 133b=M178
972 3798 1204 3854 141b=H128.

390 3971 595 4036 121κέτις1)
676 3969 1132 4048 124δι’έκ;γρ.μδνέκΕυελ.
1207 3971 1496 4033 126άπόεέκοελ

314 4053 401 4125 γρ.Λ
492 4059 541 4107 127
562 4047 579 4122 ἣ
599 4049 643 4107 δέ
667 4050 776 4126 γρ.ήδ’
796 4056 927 4112 schol.A
1018 4063 1068 4111 134
1092 4055 1199 4113 ἄλλοισι
1216 4062 1298 4120 θεοῖς
1316 4057 1390 4129 μέγα
1409 4061 1494 4130 πῆμα

315 4135 378 4189 Zen.
459 4137 509 4188 138
529 4132 589 4196 υίος
611 4131 669 4189 εὀἰο
689 4135 764 4190 Zen.:
788 4135 848 4200 νίος
869 4135 933 4206 ε’ήος
951 4135 1037 4206 ACD,
1057 4139 1089 4192 os.
1110 4145 1197 4193 A893
1273 4146 1322 4194 139
1342 4142 1392 4194 τοῦ
1412 4161 1446 4211 γε
1470 4146 1492 4198 Α

314 4214 375 4268 An:
404 4213 488 4267 τοῦδε
515 4212 560 4267 OD
580 4215 644 4268 Zen.
666 4217 807 4285 Aristoph.
900 4223 950 4273 144
969 4216 1136 4290 μετάγγελος
1156 4221 1192 4272 D:
1221 4213 1283 4289 μετ’
1303 4214 1422 4290 άγγελος
1442 4221 1494 4276 Ac

317 4301 366 4350 145
387 4287 536 4364 φρονήσατ’
559 4291 642 4348 ἔπεος
663 4295 696 4348 cf.
718 4298 743 4350 0
757 4301 790 4350 35
874 4303 924 4352 146
944 4295 1006 4369 ιφά
1026 4299 1118 4367 codd,
1138 4297 1199 4371 σφῷ
1219 4299 1318 4370 Cobet,
1338 4301 1415 4368 quod
1435 4303 1494 4358 hoc

314 4376 376 4430 Ιοοο
396 4377 462 4429 ante
481 4375 609 4428 vocalem
627 4373 697 4430 mihi
715 4393 825 4447 quoque
844 4379 978 4447 probatur
1033 4385 1137 4434 147—8
1156 4381 1324 4436 damnarunt
1344 4379 1494 4452 Aristoph.

318 4457 363 4509 Ar.
439 4459 488 4507 148
510 4449 658 4524 έποτρόνει
676 4456 724 4510 καλ
743 4452 848 4526 ἀνάγει
866 4458 899 4512 D.
