3280 5104
639 352 996 479 ¹-114,-

290 560 393 620 lormis
420 550 539 638 ήσαται
567 567 596 620 et
623 550 726 639 ήσατο
751 567 831 620 recta
856 559 932 620 linea
957 559 1166 620 descenderint
1190 565 1311 620 etcum
1336 556 1460 636 reliquis

289 656 379 717 huius
394 655 476 717 verbi
487 641 779 738 1οοιο1ει,ήμαιήσαι
790 641 1025 737 ήσθαι,ομ11ωε
1036 659 1219 716 conveniant.
1244 655 1281 715 rit
1290 655 1460 715 Herodotus

290 773 421 834 quoque,
450 757 475 814 si
500 753 653 815 eodieibus
677 753 750 814 fides
773 753 908 816 habende
931 762 990 835 est,
1014 751 1119 816 εἵαται
1144 754 1230 835 dixit,
1257 772 1355 833 neque
1379 761 1460 815 certa

290 851 397 912 adsunt
424 852 545 932 indicia,
574 851 682 932 quibus
707 851 880 912 Homeridas
904 850 940 912 ab
964 851 1020 911 boe
1044 851 1162 911 dicendi
1185 869 1241 912 usu
1267 850 1459 913 abhorruisse

289 947 469 1027 colligamus
516 949 648 1029 Deniqtre
682 949 856 1029 etymologia
889 968 1007 1028 quoque
1036 949 1136 1009 nescio
1165 967 1201 1008 an
1230 948 1337 1010 tradita
1367 951 1459 1010 lorma
1505 994 1509 1000 .

289 1042 393 1107 εἵαται
417 1047 536 1108 delendi
558 1049 666 1128 possit3
691 1065 757 1108 nam
781 1065 849 1108 eum
872 1048 1026 1126 participle
1051 1047 1183 1107 omnium
1202 1054 1371 1125 temporum
1390 1064 1458 1107 curn

290 1146 377 1203 tertia
400 1162 525 1222 persona
549 1144 672 1223 pluralis
696 1147 812 1206 numeri
835 1143 995 1205 cohaerere
1018 1143 1174 1204 rideantur
1198 1153 1228 1203 et
1250 1145 1379 1221 priscam
1402 1150 1459 1202 ter·

289 1243 478 1302 minationem
506 1244 656 1321 participii
682 1243 809 1320 perlecti
835 1251 904 1304 rant
931 1243 1023 1301 luisse
1052 1243 1130 1302 inter
1159 1243 1237 1302 viros
1261 1241 1364 1302 doctos
1388 1241 1459 1300 satis

289 1347 417 1420 constet,
455 1343 572 1400 tertiam
610 1358 728 1420 quoque
765 1358 922 1418 personam
960 1339 1029 1399 olim
1066 1341 1096 1399 in
1132 1341 1249 1401 faveat
1289 1339 1395 1398 exiisse
1429 1346 1459 1398 et

289 1443 349 1496 tam
377 1431 481 1498 εἵαται
510 1455 597 1516 quam
625 1428 798 1516 ἄκαχείατο
826 1437 871 1498 Μ
895 1433 972 1516 179,
1003 1437 1150 1518 εἵρχαται
1180 1437 1216 1496 Π
1240 1433 1321 1516 481,
1348 1427 1458 1516 τετρά-

289 1524 368 1614 φατ’
404 1532 437 1593 Κ
471 1531 546 1616 189,
580 1527 767 1616 ὀρωρέχατο
800 1536 830 1596 Λ
864 1533 916 1598 26.
950 1535 987 1594 Π
1015 1531 1094 1615 834,
1131 1525 1279 1620 &opipare
1312 1533 1357 1594 M
1383 1531 1475 1614 340„

290 1625 458 1710 δειδέχατο
493 1632 527 1691 Δ
558 1631 588 1693 4.
621 1633 643 1692 Ι
674 1630 748 1694 671.
778 1633 811 1692 Χ
834 1630 912 1714 435,
945 1627 1098 1712 diuidere
1131 1652 1152 1711 η
1181 1627 1222 1692 86
1256 1649 1290 1690 ex
1320 1621 1461 1709 desecet

289 1719 478 1809 ἀκαχήῖατο
515 1730 701 1808 εἵργῖαται,
737 1719 929 1812 serpente&
970 1720 1179 1810 dpmpdpfuro
1216 1721 1364 1814 dpiyfaro
1397 1726 1461 1789 det·

290 1822 446 1888 δέιιιῑαται
477 1820 653 1905 ἐληλέέατο
682 1835 745 1888 orta
774 1846 839 1889 esse
869 1829 1019 1908 suspicer,
1047 1827 1117 1888 licet
1140 1830 1318 1888 contrariam
1343 1837 1461 1887 senten-

290 1927 359 1985 tiam
393 1942 410 1984 a
437 1921 588 2002 plerisque
616 1925 687 1984 viris
715 1925 811 1987 doctis
839 1925 978 1986 tidentius
1011 1913 1099 2005 quam
1128 1925 1305 2004 prudentius
1333 1924 1462 1986 obtineri

292 2021 369 2082 baud
392 2023 534 2099 ignorem.

378 2110 488 2198 εἵνωγε
521 2127 551 2180 et
583 2110 706 2199 ἀνώγει
736 2119 872 2180 similiter
901 2129 988 2201 atque
1018 2115 1141 2200 γέγωνε
1170 2129 1201 2180 ct
1215 2113 1366 2201 ’γεγόνει
1394 2139 1460 2198 per·
1505 2185 1511 2198 ,

293 2235 379 2296 saepe
412 2218 443 2275 in
476 2215 628 2278 codicibus
661 2226 838 2279 commutata
871 2237 937 2280 esse
970 2226 1055 2278 retus
1083 2225 1129 2278 est
1156 2217 1305 2278 editorum
1332 2217 1461 2298 querela,

292 2331 402 2373 conexa
431 2312 478 2373 illa
508 2332 576 2374 cum
604 2316 790 2396 quaestione,
817 2324 918 2377 utrum
942 2315 1068 2396 perlecti
1090 2325 1190 2394 partes
1213 2314 1261 2376 illa
1286 2316 1373 2375 rerba
1398 2315 1460 2376 ubi·

291 2431 349 2492 que
387 2413 460 2472 tulta
495 2414 555 2472 sint
588 2430 689 2473 necne.
739 2413 886 2492 Equidem
920 2413 1028 2473 lormas
1060 2405 1221 2492 ysyoiectv
1255 2413 1298 2473 M
1329 2410 1391 2474 337
1431 2421 1462 2472 et

289 2502 462 2590 ἀνώξομεν
491 2509 520 2569 0
543 2506 607 2572 295
636 2510 709 2571 nibil
732 2519 834 2572 contra
863 2509 960 2570 valere
983 2519 1068 2592 puto,
1097 2529 1207 2590 paucos
1236 2518 1333 2572 autem
1362 2509 1461 2572 lliadis

291 2608 380 2688 locos,
399 2610 429 2669 in
450 2607 559 2687 quibus
578 2627 593 2668 a
612 2609 736 2688 perlecti
757 2609 953 2670 declinatione
973 2629 1040 2670 vere
1059 2619 1145 2689 poeta
1165 2609 1320 2670 dellexisse
1336 2609 1462 2688 videtur,

290 2705 373 2766 facile
397 2706 548 2767 emendari
572 2724 659 2784 posse
683 2708 713 2766 in
738 2705 976 2768 adnotationibus
999 2708 1034 2768 ad
1056 2709 1086 2768 Ε
1104 2704 1176 2768 805.
1195 2703 1314 2776 Ξ469.
1340 2704 1461 2768 0295.

289 2803 322 2862 Ω
350 2799 413 2863 703
442 2803 613 2881 significavi.
661 2803 747 2864 Certe
776 2803 853 2864 nulla
883 2811 929 2864 est
957 2823 1060 2885 causa,
1093 2823 1147 2866 cur
1175 2807 1263 2866 etiarn
1293 2805 1367 2864 lines
1394 2823 1461 2884 per·

290 2899 434 2959 lectorum
459 2891 568 2980 ἄνωγε
591 2896 716 2980 γέγωνε
740 2909 770 2961 et
792 2900 1151 2981 plusqtrampcrlcctorum
1175 2893 1298 2982 ιἰνοῖγει
1321 2895 1460 2982 γεγωνει

288 2998 423 3058 turbatos
452 3015 517 3058 esse
545 3006 721 3080 statuamus,
754 3017 842 3077 quam
866 3000 903 3060 ob
928 3019 991 3062 rem
1019 3018 1137 3060 errores
1165 2999 1300 3060 codicum
1329 3019 1364 3059 ex
1390 3000 1461 3060 lalsa

290 3097 517 3174 transcriptione
555 3098 665 3156 veteris
701 3097 867 3174 scripturae
905 3097 1062 3159 ΑΝΟΓΕ
1097 3106 1179 3158 ortos
1211 3092 1258 3180 (0
1295 3095 1347 3158 43.
1387 3094 1459 3158 725.

289 3195 326 3253 Π
351 3191 379 3252 8.
408 3193 443 3252 Σ
470 3191 541 3254 176.
573 3194 604 3253 Τ
632 3190 701 3255 102.
733 3195 762 3252 Τ
790 3191 860 3255 179.
889 3195 923 3254 Χ
949 3192 1020 3256 142.
1044 3195 1077 3256 Ω
1103 3193 1174 3257 140,
1198 3197 1225 3256 Ζ
1248 3190 1328 3276 439)
1352 3195 1459 3256 sustuli

179 3291 181 3294 ’
289 3299 318 3350 et
350 3290 511 3370 Odysseam
544 3292 676 3372 edituro,
711 3300 744 3353 ut
777 3312 789 3352 ι
821 3289 883 3352 331
919 3282 1052 3373 ἆνεόγεα
1080 3311 1134 3372 pro
1162 3286 1296 3371 ἄνωγον
1327 3302 1459 3373 reponat,

289 3397 393 3449 auctor
416 3407 491 3449 sum.

378 3487 587 3547 Coniunctivos
616 3491 718 3549 aoristi
746 3491 834 3568 primi
863 3477 1068 3568 ὁρμήσονται
1097 3479 1325 3569 (ὁρμήσωνται
1357 3483 1458 3570 r'tdge)

289 3586 318 3646 Θ
349 3581 426 3665 511,
463 3577 678 3663 νοιμήσονται
712 3579 950 3666 (κοιμήσωνται
983 3579 1086 3668 vulgo)
1114 3585 1146 3646 Κ
1173 3583 1230 3666 99,
1262 3579 1458 3672 ποιήσονται

290 3674 509 3764 (ποιήσωνται
528 3676 629 3764 vulgo)
649 3683 691 3742 M
707 3681 778 3764 108,
801 3674 1047 3762 ἀποστήσονται
1071 3673 1337 3764 (ἀποστήσωνται
1358 3678 1459 3766 vulgo)

292 3781 327 3840 Ν
348 3777 423 3860 745,
446 3773 712 3860 σνναντήσονται
736 3776 1024 3864 (συναντήσωνται
1044 3775 1145 3860 rubo)
1164 3780 1195 3839 P
1212 3778 1274 3842 134
1294 3782 1339 3842 vel
1358 3784 1459 3843 inritis

289 3877 443 3939 codicibus
480 3879 674 3939 restituimus.
719 3878 824 3940 Brevis
861 3881 938 3939 enim
977 3878 1084 3961 vocalis
1121 3878 1252 3957 analogia
1289 3889 1459 3942 ceterorum

290 3976 378 4037 huius
398 3977 516 4054 generis
536 3976 792 4036 coniunctiverum
811 3969 958 4055 βήσομεν
972 3969 1171 4057 θωρήξομεν
1186 3970 1460 4058 ἐφοπλισόμεσθα

288 4067 427 4155 χώσεται
447 4070 596 4152 δαμείετε
614 4080 716 4152 aperte
736 4073 893 4154 llagitatur.
931 4073 1022 4135 lidem
1041 4081 1140 4135 tamen
1158 4072 1287 4133 Leonem
1306 4074 1459 4156 liciorum,

289 4171 337 4232 Gr.
361 4173 428 4233 tor.
452 4189 480 4250 p.
506 4171 545 4232 11
575 4162 713 4252 ἄρξουσι
742 4189 861 4252 queque
891 4181 921 4232 et
948 4163 1118 4252 δηοῖσουσι
1138 4174 1349 4234 restituentem
1373 4175 1459 4253 sequi

289 4259 496 4331 dubitavimu's,
1045 4277 1049 4286 '

378 4365 398 4442 ξ
417 4363 468 4428 63.
505 4367 547 4427 Ad
568 4376 751 4446 postremum
770 4369 801 4428 in
820 4366 919 4429 dubiis
938 4367 1114 4447 quibusdam
1135 4367 1225 4428 rebus
1241 4386 1313 4446 quas
1329 4371 1459 4429 rationes

290 4471 410 4523 secutus
434 4467 498 4544 sim,
522 4467 672 4525 succincta
696 4468 828 4526 oratione
852 4483 1085 4526 commemorare
1110 4468 1205 4526 risum
1229 4472 1283 4525 est.
