3276 5090
663 377 878 440 ..27-

185 547 318 598 veterum
347 543 511 601 carminum
540 540 702 600 exornandi
725 549 755 600 et
779 539 942 602 aemulandi
972 539 1120 600 simillimo
1144 538 1277 619 exemplo
1300 538 1349 600 De-

184 635 349 696 mosthenis
373 640 516 699 orationis
537 637 718 718 Philippicae
742 641 846 699 tertiae
871 641 1004 742 egregie
1013 636 1190 717 illustratur,
1214 655 1302 716 quam
1325 644 1356 698 et

184 738 278 814 ipsam
302 735 405 797 multis
429 739 621 798 incrementis
645 744 757 796 ettam
781 738 921 816 egregiis,
945 743 979 797 ut
997 735 1042 796 vel
1062 738 1222 796 acerrimos
1241 736 1355 796 iudices

183 833 235 894 diu
264 833 437 916 fefellerint,
465 843 582 896 aueum
610 851 675 896 esse
699 833 871 896 leonardus
898 833 1086 914 Spengelius,
1115 835 1244 913 optimus
1271 851 1355 894 meus

184 935 337 1011 magister,
361 935 476 1011 primus
500 933 719 994 demonstravit.

275 1029 295 1107 §
320 1027 370 1090 20.
403 1030 463 1091 lam
486 1033 597 1091 maiora
621 1029 789 1110 moliamur,
813 1049 881 1092 cerm
905 1033 1016 1092 maiora
1040 1029 1215 1090 Homeridas
1238 1028 1355 1091 molitos

185 1148 252 1190 esse
271 1129 519 1190 demonstremus.
551 1129 652 1208 Neque
672 1131 749 1188 enim
770 1137 884 1190 tantum
903 1147 1067 1209 paucorum
1087 1145 1226 1188 versuum
1245 1127 1355 1189 addita·

183 1229 292 1289 mentis
316 1237 414 1288 vetera
443 1229 572 1288 carmina
601 1225 810 1305 dilataverunt,
841 1227 892 1288 sed
923 1230 963 1288 ita
991 1243 1109 1306 quoque
1133 1234 1293 1304 auxerunt,
1322 1233 1356 1286 ut

185 1345 258 1388 nova
283 1329 414 1386 earmina
438 1327 474 1385 iis
497 1329 666 1386 intexerent
689 1333 739 1385 aut
763 1324 963 1386 subtexerent.
1005 1323 1084 1386 liaeo
1108 1326 1165 1384 iam
1190 1325 1230 1384 ita
1253 1341 1355 1384 recen·

183 1423 270 1504 sebo,
299 1434 331 1484 ut
354 1443 369 1484 a
394 1422 559 1484 minorihus
583 1423 617 1482 ad
643 1425 753 1483 maiora
782 1423 955 1501 progrediar
978 1422 1096 1483 iudiciis
1119 1419 1356 1500 interpolationis

184 1525 338 1583 succincte
363 1521 509 1583 indicatis.

274 1619 406 1680 Primum
426 1637 625 1680 commemoro
644 1623 764 1682 naenias
779 1620 915 1681 Hectoris
929 1619 962 1681 fd
978 1615 1150 1680 tas-tta
1168 1619 1356 1679 suavissimas

95 1795 100 1804 Ι
183 1717 250 1778 illas
279 1717 399 1795 quidem
423 1726 452 1776 ot
476 1719 669 1795 tersissimas,
697 1719 748 1779 sed
779 1737 903 1798 quarum
927 1736 1032 1779 recens
1056 1719 1139 1796 origo
1163 1718 1355 1777 commissura

182 1817 275 1894 primi
297 1833 399 1876 earum
424 1833 528 1875 versus
551 1824 581 1876 et
604 1815 842 1876 antecedentium
866 1817 975 1877 veteris
998 1817 1138 1876 carminis
1162 1831 1301 1874 versuum
1371 1863 1375 1872 .

294 2032 297 2038 .
720 1953 810 2038 παρὰ
833 1948 865 2018 d'
891 1945 986 2018 εἷσαν
1009 1949 1149 2028 dordone

294 2123 297 2132 .
345 2049 487 2136 θρήνων
511 2050 683 2136 ἐξάρχους,
708 2051 797 2115 οἵτε
820 2047 1025 2115 στονόεσσαν
1048 2045 1169 2132 ἀοιδήν

348 2152 382 2213 οἳ
402 2147 465 2232 μὲν
488 2144 542 2233 ἄρ’
568 2146 748 2234 ἐθρήνεον,
772 2145 824 2212 ἐπὶ
848 2144 885 2211 dl
909 2143 1294 2230 στενάχοντοιγυναῑκες.

347 2247 444 2331 τῇσιν
467 2243 499 2310 δ’
523 2241 730 2330 Ἀνδρομάχη
755 2244 956 2321 λευκώλενος
979 2235 1058 2327 ἦρχε
1081 2240 1192 2326 γόοιο,

183 2400 342 2462 manifesto
362 2400 608 2480 deprehendatur.
652 2400 766 2461 Veteris
785 2402 864 2461 enim
883 2395 1024 2460 carminis
1043 2408 1161 2478 poetam
1181 2406 1262 2460 vates
1281 2417 1356 2459 mer·

183 2500 343 2558 cannarios
361 2497 503 2576 lugubres
523 2507 627 2560 cantus
646 2505 832 2578 praeeuntes,
851 2497 993 2576 praefices
1007 2497 1148 2557 mulieres
1167 2499 1356 2556 succinentes
1389 2555 1395 2568 ,

184 2597 308 2656 finxisse
336 2603 430 2676 patet,
458 2599 630 2656 naeniarum
658 2604 762 2663 auctor
785 2593 1018 2656 Andromacham
1042 2592 1192 2654 liecubam
1216 2591 1356 2654 Helenam

184 2701 415 2774 praecantorum
438 2711 561 2754 munere
586 2693 669 2772 fungi
692 2677 801 2773 easque
824 2695 895 2752 satis
923 2695 1031 2771 inepte'
1047 2711 1081 2752 ex
1107 2709 1231 2753 numero
1255 2689 1356 2752 mulie-

184 2809 255 2853 rum
278 2793 495 2853 succinentium
519 2809 585 2853 esse
609 2790 689 2852 dicit.

278 2888 428 2950 Ludorum
459 2889 627 2950 funebrium
652 2897 813 2950 extremam
841 2896 954 2967 partem
983 2889 1019 2948 Ψ
1042 2884 1214 2949 798-897
1239 2887 1276 2948 ab
1299 2887 1356 2948 aiio

186 2995 275 3068 poeta
299 2987 442 3048 adiectam
467 3005 532 3048 esso
555 2987 761 3048 Lachmannus
779 2985 858 3046 Betr.
881 3006 907 3065 p.
923 2984 965 3048 86
985 2994 1014 3046 et
1034 2985 1176 3047 Lebrsius
1199 2984 1235 3045 de
1255 2979 1357 3046 brist.fl

186 3104 215 3163 p.
231 3081 296 3146 424
315 3085 383 3145 inde
408 3087 595 3164 potissimum
619 3101 761 3163 apparere
780 3083 960 3164 docuerunt,
984 3083 1061 3163 quod
1086 3082 1223 3144 ludorum
1247 3100 1355 3162 genera

186 3185 218 3242 in
243 3181 296 3242 bac
326 3190 410 3261 parte
440 3190 574 3244 enarrata
603 3199 691 3261 supra
720 3181 757 3240 Ψ
777 3178 954 3242 oet-623
978 3189 1008 3241 et
1031 3178 1206 3242 634-638
1231 3198 1289 3241 non
1314 3182 1356 3240 iu-

186 3281 283 3340 dicata
307 3289 415 3341 essent.
462 3280 618 3358 Proprium
648 3287 746 3339 autem
775 3278 864 3339 huius
888 3277 1086 3358 supplementi
1114 3277 1250 3338 ludorum
1275 3277 1357 3338 fune·

187 3377 285 3438 brium
310 3385 368 3457 est,
392 3377 471 3458 quod
495 3377 679 3456 singulorum
703 3375 840 3437 ludorum
861 3378 1006 3456 expositio
1029 3375 1065 3436 ab
1089 3375 1231 3455 particula
1251 3369 1357 3456 αὐτάρ

187 3469 249 3552 (rr.
265 3472 337 3554 728,
352 3472 426 3554 826,
442 3472 515 3554 850,
530 3470 610 3556 884)
625 3475 750 3555 orditur,
770 3493 828 3554 quo
848 3477 975 3535 transitu
994 3491 1081 3552 saepe
1100 3481 1186 3552 poeta
1201 3473 1357 3554 Odysseae,

188 3590 334 3650 nusquam
359 3579 463 3633 auctor
484 3575 595 3652 prioris
618 3574 711 3651 partis
734 3574 874 3632 carminis
902 3571 939 3632 Ψ
960 3591 1031 3634 οεοε
1056 3581 1109 3632 est.

277 3669 392 3730 Aeneae
412 3677 562 3730 certamen
582 3687 650 3730 oum
670 3666 782 3728 tenure
804 3666 998 3730 rto-352
1017 3669 1253 3749 illepidissimum
1272 3675 1302 3728 et
1321 3686 1356 3728 ex

187 3767 303 3827 laciniis
326 3766 451 3828 aliorum
471 3769 635 3827 carminum
655 3775 743 3844 atque
763 3768 850 3826 etiam
870 3766 1002 3827 eiusdem
1021 3766 1090 3826 libri
1110 3761 1299 3845 (201-202
1316 3791 1357 3814 ==

187 3859 379 3945 cae-433)
398 3867 507 3925 misere
527 3873 699 3942 consutum,
723 3867 749 3924 si
772 3863 850 3942 quod
870 3863 1103 3924 additamentum
1121 3863 1233 3942 lliadis,
1258 3861 1357 3923 divino

188 3961 309 4022 Homeri
337 3965 456 4040 ingenio
484 3962 637 4041 indignum
666 3970 725 4040 est,
753 3971 786 4021 ut
810 3980 878 4021 vere
902 3961 1076 4041 Homerum,
1104 3963 1131 4020 si
1157 3960 1212 4020 bos
1240 3975 1357 4037 quoque

188 4077 294 4120 versus
317 4059 451 4138 fecisset,
474 4059 649 4119 dormitasse
673 4060 797 4120 diceres.
839 4058 919 4120 ldem
943 4061 1069 4120 maxime
1093 4057 1178 4132 nobis
1202 4055 1357 4116 offensioni

185 4175 223 4216 eo
248 4164 306 4235 est,
330 4156 408 4235 quod
432 4159 610 4216 narrationis
634 4158 793 4218 decursum
818 4160 985 4238 importune
1010 4155 1139 4216 retardat
1158 4163 1188 4216 et
1207 4153 1358 4236 Achillem,

186 4272 278 4334 quem
293 4254 379 4314 modo
395 4273 510 4314 summo
531 4254 630 4315 furore
646 4257 675 4314 in
690 4255 848 4317 Hectorem
868 4261 1110 4335 prorumpentem
1129 4260 1215 4332 poeta
1235 4251 1357 4334 dixerat,

185 4356 217 4412 iu
244 4352 338 4412 media
362 4354 425 4412 acie
450 4351 551 4431 longas
575 4354 723 4412 orationes
747 4353 904 4414 facientem
927 4361 957 4411 et
975 4350 1143 4412 audientem
1163 4351 1255 4429 lingit.
1292 4349 1357 4422 Ouo

187 4467 257 4510 cum
286 4449 419 4531 accedat,
448 4449 525 4528 quod
555 4448 673 4510 dicendi
701 4468 795 4528 genus
819 4450 966 4529 Odysseae
994 4465 1081 4527 quam
1104 4447 1205 4508 iliadis
1232 4447 1357 4509 similius
