3276 5090
659 401 875 465 ..19-

179 567 348 644 arriperent
371 582 562 644 pannumque
591 583 683 625 unuin
706 564 906 646 alterumque,
937 569 987 645 qni
1016 565 1073 628 late
1097 567 1280 648 splenderet,
1309 587 1353 628 as·

179 673 311 724 suerent.
349 661 488 723 Veterum
503 661 629 723 ultorum
650 662 876 724 Homeridarum
901 667 1018 724 nomina
1042 664 1189 726 oblivione
1213 665 1352 746 pleraque

178 760 287 821 obruta
306 769 385 840 sunt,
409 763 498 820 unlus
518 760 660 839 Cynaetbi
679 763 789 820 mentio
809 761 841 820 llt
860 764 890 820 in
910 761 1021 821 scholio
1042 761 1162 822 Pindari
1181 761 1262 823 Nem.
1277 763 1302 822 ll
1320 761 1353 824 l:

175 849 365 938 Ὁμηριδῶν
398 855 569 937 ἐπιφανεῖς
602 853 756 938 ἐγένοντο
790 855 825 918 οἱ
852 854 927 939 περὶ
955 851 1150 934 Κύναιθον,
1183 849 1243 932 οὕς
1270 873 1353 938 φασι

177 947 285 1016 πολλὰ
306 954 374 1015 τῶν
389 951 478 1016 ἐπῶν
492 949 697 1034 ποιήσαντας
712 952 868 1036 ἐμβαλεῖν
883 955 929 1029 είς
943 949 1006 1035 τὴν
1015 947 1161 1036 Ὁμήρου
1175 955 1353 1038 ποιήσιν.”γ

178 1055 277 1131 Atque
300 1071 369 1114 cum
392 1052 440 1114 bic
464 1052 585 1113 Homeri
609 1055 738 1113 carmina
759 1053 914 1132 Syracusis
938 1053 1104 1132 divulgasse
1125 1063 1272 1134 narretur,
1295 1057 1352 1114 iam

180 1149 253 1210 alias
276 1150 520 1228 interpolationes
549 1151 656 1211 multas
680 1151 716 1210 ab
739 1150 921 1230 Homeridis,
950 1154 1001 1230 qui
1025 1153 1148 1230 propius
1172 1151 1207 1210 ab
1231 1160 1353 1212 auctore

178 1249 278 1326 gentis
311 1247 434 1308 aberant
466 1257 495 1308 ct
527 1251 558 1308 in
591 1250 659 1308 Asia
692 1257 722 1308 et
752 1248 875 1308 Graecia
908 1249 1029 1309 Homeri
1062 1252 1191 1310 carmina
1225 1250 1354 1330 divulga·

180 1345 266 1424 hant,
299 1345 448 1406 veteribus
482 1345 664 1406 carminibus
695 1344 791 1404 illatas
823 1365 888 1406 esse
922 1345 1073 1425 probabile
1106 1356 1160 1406 cst.
1207 1347 1265 1408 Sed
1294 1366 1353 1408 non

180 1459 285 1502 omnes
314 1442 557 1520 interpolationes
585 1461 724 1503 enarrare
752 1453 782 1503 et
797 1452 1047 1523 argumentorum
1071 1443 1234 1505 subtilitate
1259 1447 1354 1523 suspi-

178 1543 282 1600 ciones
305 1513 386 1599 miss
405 1541 580 1600 confirmare
605 1540 676 1600 mibi
700 1542 849 1620 proposui,
874 1541 925 1602 sed
950 1543 979 1600 in
1004 1559 1112 1618 genera
1137 1541 1279 1620 quaedam
1304 1561 1354 1602 eas

178 1653 287 1714 cogere
311 1645 341 1696 et
363 1639 491 1697 nm'ores
515 1645 630 1698 tantum
654 1639 750 1698 fusius
773 1648 913 1700 excutere
937 1641 967 1698 in
991 1641 1122 1698 animum
1146 1640 1257 1698 indual.

269 1733 290 1809 ξ
317 1732 364 1794 14.
403 1735 498 1812 atque
523 1735 686 1794 levissimae
708 1735 826 1814 quidem
846 1744 876 1794 et
894 1736 1011 1795 inlirnae
1031 1735 1247 1812 rhapsodorum
1266 1739 1355 1797 aetati

177 1831 378 1892 adstruendae
398 1829 641 1909 interpolationes
661 1851 711 1892 cae
731 1841 810 1910 sunt,
833 1832 943 1911 quibus
962 1842 1013 1892 aut
1032 1832 1241 1910 glossematum
1261 1835 1355 1892 instar

178 1927 343 1988 obscurum
368 1928 485 2007 aliquod
509 1927 633 1990 verbum
656 1937 719 1990 toto
743 1947 832 1990 versu
856 1929 1068 2008 explicabatur,
1094 1929 1173 1989 velut
1195 1930 1224 1989 Θ
1247 1927 1311 1990 528

270 2028 404 2108 ἐξελάαν
429 2029 568 2095 ἐνθένδε
591 2028 696 2107 κύνας
718 2027 1039 2114 κηρεσσιφορήτους,

269 2121 343 2209 [οὓς
364 2129 463 2210 κῆρες
485 2125 646 2212 φορέουσι
670 2124 860 2211 μελαινάων
883 2125 949 2194 ἀπὸ
973 2127 1079 2211 νηῶν]

176 2247 231 2298 aut
255 2236 353 2297 brevis
377 2245 407 2296 et
430 2238 548 2298 concisa
572 2237 662 2298 dictio
686 2239 823 2315 gnomico
847 2254 934 2297 versu
958 2235 1094 2297 alicunde
1118 2235 1258 2315 decerpto
1283 2236 1352 2296 dila-

177 2333 309 2412 tabatur,
332 2333 414 2394 velant
436 2334 469 2394 tt
491 2331 535 2394 45

272 2431 317 2514 ῶς
336 2431 481 2521 Ἀχιλεύς
505 2439 599 2501 ἔλεον
623 2433 684 2520 μὲν
707 2431 892 2516 ύπῶλεσεν,
916 2432 999 2501 οὐδέ
1018 2443 1074 2501 θοι
1098 2433 1201 2513 adduc

276 2537 428 2616 [γίνεται,
452 2529 474 2616 ἥ
497 2529 526 2598 τ’
553 2530 680 2620 ἄνδρας
702 2535 784 2618 μέγα
809 2538 935 2600 σίνεται
959 2528 1012 2617 ἠδ’
1040 2529 1209 2617 ὀνίνησιν]

173 2653 229 2704 aut
254 2644 381 2723 denique
409 2662 472 2725 ree,
500 2663 575 2724 quae
604 2644 802 2724 prudentibus
832 2643 1001 2704 hominihus
1030 2645 1092 2722 ipsa
1122 2645 1194 2703 satis
1226 2642 1353 2722 patebat,

177 2741 341 2802 hebetibus
360 2760 441 2802 more
466 2741 698 2820 magistellorum
718 2740 930 2821 illustrabatur,
954 2741 1035 2802 velut
1058 2739 1090 2800 Κ
1112 2737 1176 2802 497

277 2883 301 2942 t)
320 2877 392 2931 Hnic
412 2877 519 2932 scholio
538 2877 657 2932 alterum
677 2878 804 2931 additum
824 2880 879 2931 est:
908 2869 943 2944 ἦν
963 2875 994 2930 di
1015 2872 1030 2929 ὁ
1052 2873 1199 2937 Κύναιθος
1218 2881 1299 2942 Χῖος,
1325 2870 1355 2938 ὃς

178 2957 232 3012 καλ
257 2957 313 3010 τῶν
340 2953 576 3027 ἐπιγραφομένων
592 2953 713 3026 Ὀμήρου
738 2955 902 3026 ποιημάτων
925 2954 974 3008 τὸν
999 2955 1038 3017 εἰς
1056 2951 1209 3009 Ἀπόλλωνα
1235 2973 1354 3024 puppup-

176 3035 268 3106 μένον
297 3029 388 3106 ύμνον
416 3035 526 3105 λέγεται
555 3035 753 3104 πεποιηκέναι·
782 3029 864 3098 οὗτος
893 3027 945 3090 οὖν
972 3032 987 3090 ὁ
1015 3031 1161 3097 Κύναιθος
1188 3037 1297 3104 πρῶτος
1321 3033 1352 3090 ἐν

177 3112 379 3182 Συρακούσαις
404 3111 587 3188 &concepitque
613 3113 646 3169 τὰ
663 3111 787 3186 Ὁμήρου
812 3113 866 3183 ἔπη
890 3111 962 3170 κατὰ
988 3110 1038 3183 τὴν
1060 3109 1212 3184 ἑξηκοστὴν
1233 3111 1354 3184 ἐννῶτην

173 3189 365 3264 Ὀλυμπιάδα,
391 3191 428 3257 ὡς
448 3191 647 3264 ‘leudomanda
670 3215 768 3266 φησιν·
798 3196 871 3263 quod
891 3193 1019 3248 scholion
1038 3193 1217 3264 exscripsisse
1241 3195 1352 3248 ridetur

179 3274 347 3328 Eustochiae
370 3293 397 3344 p.
417 3282 446 3330 6:
471 3276 522 3329 τοῦ
548 3273 580 3329 dl
601 3271 787 3344 ἀπαγγέλλειν
806 3273 857 3344 τὴν
871 3269 993 3343 Ὁμήρου
1012 3277 1124 3342 ποίησιν
1144 3276 1353 3328 τκεθααθεῑσαν

177 3349 273 3422 ἀρχὴν
297 3350 448 3424 ἐποιήσατο
473 3351 623 3416 Κύναιθος
646 3350 760 3416 ὁΚίος’
786 3349 962 3423 ἐλυμήναντο
987 3352 1019 3406 δι’
1043 3371 1131 3420 φασιν
1156 3351 1305 3422 πάμπολλα
1325 3352 1355 3408 οἵ

179 3434 249 3502 περὶ
259 3434 409 3489 Κύναιθον
424 3435 472 3488 καὶ
487 3431 572 3489 πολλοὶ
591 3435 646 3488 τῶν
663 3431 738 3488 ἐπῶν
754 3428 836 3488 αύτοὶ
846 3427 1014 3500 ποιήσαντες
1026 3427 1169 3503 ἐνέβαλον,
1189 3431 1354 3488 Welclserue

180 3513 233 3581 Ep.
249 3511 323 3583 Cycl.
341 3515 349 3567 l
366 3519 417 3568 227
438 3515 511 3568 huuc
531 3514 700 3582 rhapsodum
715 3513 891 3582 Cynaetbum
911 3511 1028 3564 eundem
1049 3519 1132 3579 atque
1152 3511 1353 3567 Cinaethonem

178 3593 294 3662 poetam
318 3593 404 3648 fuisse
429 3593 586 3663 suspicatus
610 3597 666 3659 est,
689 3611 772 3662 quom
798 3610 860 3646 cum
885 3590 1228 3662 Eusebius-Hieronymus
1252 3597 1354 3662 quarta

179 3672 350 3742 Olympiade
373 3677 501 3742 agnitum
525 3689 584 3728 esse
609 3673 698 3738 dicat,
722 3673 751 3725 in
774 3671 881 3726 scholio
901 3671 1047 3726 Pindarico
1067 3667 1138 3724 κατὰ
1159 3667 1209 3740 τὴν
1231 3671 1314 3741 ἕκτην
1334 3665 1355 3740 ἤ
1398 3667 1410 3684 “

178 3753 235 3820 την
260 3749 379 3820 ἐνναέτην
401 3747 576 3822 Ὀλυμπιάδα
601 3752 795 3824 corrigendum
825 3767 886 3805 esse
915 3751 1031 3805 monuit.
1069 3753 1161 3820 Atque
1191 3755 1351 3821 corruptum

178 3849 241 3886 esse
264 3849 409 3886 numerum
433 3831 534 3886 scholii
558 3831 719 3889 certissimis
743 3831 916 3902 argumentis
937 3831 978 3885 vir
997 3829 1169 3885 clarissimus
1188 3831 1285 3895 evicit;
1305 3831 1353 3884 sed

179 3929 246 3966 cum
265 3915 409 3966 auctorem
428 3911 526 3981 hymni
541 3913 679 3981 Apollinis
693 3909 802 3964 Deliaci
821 3911 965 3979 eliquanto
984 3909 1143 3965 inferiorem
1163 3911 1256 3964 aetate
1271 3927 1354 3977 quam

178 4008 238 4057 eos,
254 3991 301 4060 qui
315 3989 433 4046 Iliadem
448 3995 478 4046 et
492 3989 643 4061 Odysseom
658 3991 851 4056 condiderunt,
866 3990 953 4044 fuisse
967 3987 1173 4044 Bsumslsterus
1189 3991 1216 4042 in
1232 3989 1354 4044 editione

179 4075 347 4138 hymnorum
362 4089 388 4140 p.
401 4077 452 4125 114
466 4073 541 4124 certe
557 4069 803 4138 demonstraverit,
819 4073 849 4123 et
862 4087 928 4122 num
944 4069 1101 4137 Cynaethos
1112 4067 1197 4122 Chius
1212 4068 1241 4121 et
1255 4067 1352 4123 cinae-

177 4151 252 4205 thon
262 4149 499 4206 Lacedaemonios
513 4150 599 4204 iidem
613 4149 718 4204 luerint
731 4167 842 4218 prorsus
857 4148 995 4203 incertum
1009 4147 1055 4214 sit,
1065 4146 1250 4202 Dueotzerurn
1266 4149 1355 4216 nregis

179 4229 271 4300 probo
286 4225 358 4284 κατὰ
374 4227 425 4304 τὴν
441 4225 571 4298 εἰκοστὴν
586 4225 706 4298 tardem
719 4225 890 4301 Ὀλυμπιάδα
906 4226 1090 4282 conicientem
1105 4226 1151 4279 vel
1166 4229 1192 4284 Ξ
1197 4229 1221 4281 Θ
1234 4245 1285 4296 pro
1300 4232 1325 4282 Κ
1331 4229 1356 4282 Θ

179 4308 393 4375 restituentem
414 4309 446 4364 ei.
464 4305 616 4376 Boeotum,
631 4311 711 4366 Hom.
727 4309 834 4380 nragen
850 4327 875 4378 p.
890 4313 947 4362 tib.
977 4307 1069 4374 ipsum
1084 4307 1178 4360 sutem
1193 4306 1263 4361 illud
1278 4307 1355 4362 testi-

180 4387 309 4443 monium
327 4389 362 4444 de
377 4387 521 4458 Gpnsettm
535 4387 737 4459 interpolatore
752 4389 866 4445 Homeri
880 4404 936 4441 non
950 4385 1028 4438 libris
1043 4383 1181 4454 Cynaethi
1194 4389 1224 4442 et
1237 4388 1355 4443 ullorum

183 4467 401 4522 Homerldsrum
414 4467 488 4522 inter
502 4485 531 4522 se
546 4470 722 4538 comparatis,
741 4469 790 4524 sed
805 4485 877 4539 rago
896 4465 1017 4534 quodam
1035 4483 1146 4522 rumore
1164 4468 1217 4522 niti
1236 4469 1355 4524 videtur.
