<?xml version="1.0" encoding="UTF-8"?>
<!DOCTYPE html PUBLIC "-//W3C//DTD XHTML 1.0 Transitional//EN"
    "http://www.w3.org/TR/xhtml1/DTD/xhtml1-transitional.dtd">
<html xmlns="http://www.w3.org/1999/xhtml" xml:lang="en" lang="en">
 <head>
  <title>
</title>
<meta http-equiv="Content-Type" content="text/html;charset=utf-8" />
  <meta name='ocr-system' content='tesseract 3.04.00' />
  <meta name='ocr-capabilities' content='ocr_page ocr_carea ocr_par ocr_line ocrx_word'/>
</head>
<body>
  <div class='ocr_page' id='page_1' title='image "./homeriiliadisca01homegoog_0040.png"; bbox 0 0 3276 5090; ppageno 0'>
   <div class='ocr_carea' id='block_1_1' title="bbox 678 357 892 420">
    <p class='ocr_par' dir='ltr' id='par_1_1' title="bbox 678 357 892 420">
     <span class='ocr_line' id='line_1_1' title="bbox 678 357 892 420; baseline 0.009 -18"><span class='ocrx_word' id='word_1_1' title='bbox 678 357 892 420; x_wconf 75' lang='grc'><strong>..29-</strong></span> 
     </span>
    </p>
   </div>
   <div class='ocr_carea' id='block_1_2' title="bbox 195 513 1369 603">
    <p class='ocr_par' dir='ltr' id='par_1_2' title="bbox 195 513 1369 603">
     <span class='ocr_line' id='line_1_2' title="bbox 195 513 1369 603; baseline 0.011 -30"><span class='ocrx_word' id='word_1_2' title='bbox 195 513 324 575; x_wconf 90' lang='lat' dir='ltr'><strong>eundem</strong></span> <span class='ocrx_word' id='word_1_3' title='bbox 346 515 438 576; x_wconf 88' lang='lat' dir='ltr'><strong>luisse</strong></span> <span class='ocrx_word' id='word_1_4' title='bbox 458 518 587 595; x_wconf 88' lang='lat' dir='ltr'><strong>conicio,</strong></span> <span class='ocrx_word' id='word_1_5' title='bbox 611 520 661 597; x_wconf 86' lang='lat' dir='ltr'><strong>qui</strong></span> <span class='ocrx_word' id='word_1_6' title='bbox 676 517 790 580; x_wconf 70' lang='lat' dir='ltr'><strong>Alcinoi</strong></span> <span class='ocrx_word' id='word_1_7' title='bbox 809 519 963 582; x_wconf 90' lang='lat' dir='ltr'><strong>hortorum</strong></span> <span class='ocrx_word' id='word_1_8' title='bbox 978 521 1243 603; x_wconf 74' lang='lat' dir='ltr'><strong>descriptionemn</strong></span> <span class='ocrx_word' id='word_1_9' title='bbox 1262 522 1369 586; x_wconf 88' lang='grc'><strong>103-</strong></span> 
     </span>
    </p>
   </div>
   <div class='ocr_carea' id='block_1_3' title="bbox 118 607 1412 4502">
    <p class='ocr_par' dir='ltr' id='par_1_3' title="bbox 192 607 1367 984">
     <span class='ocr_line' id='line_1_3' title="bbox 197 607 1367 696; baseline 0.011 -26"><span class='ocrx_word' id='word_1_10' title='bbox 197 607 258 670; x_wconf 87' lang='grc'><strong>131</strong></span> <span class='ocrx_word' id='word_1_11' title='bbox 280 611 378 690; x_wconf 90' lang='lat' dir='ltr'><strong>lepide</strong></span> <span class='ocrx_word' id='word_1_12' title='bbox 402 615 497 694; x_wconf 79' lang='lat' dir='ltr'><strong>auxit3</strong></span> <span class='ocrx_word' id='word_1_13' title='bbox 520 613 607 692; x_wconf 89' lang='lat' dir='ltr'><strong>longo</strong></span> <span class='ocrx_word' id='word_1_14' title='bbox 631 624 728 676; x_wconf 91' lang='lat' dir='ltr'><strong>autem</strong></span> <span class='ocrx_word' id='word_1_15' title='bbox 754 621 896 696; x_wconf 90' lang='lat' dir='ltr'><strong>temporis</strong></span> <span class='ocrx_word' id='word_1_16' title='bbox 919 618 1072 680; x_wconf 83' lang='lat' dir='ltr'><strong>intervallo</strong></span> <span class='ocrx_word' id='word_1_17' title='bbox 1096 639 1163 680; x_wconf 92' lang='lat' dir='ltr'><strong>eum</strong></span> <span class='ocrx_word' id='word_1_18' title='bbox 1187 621 1223 682; x_wconf 91' lang='lat' dir='ltr'><strong>ab</strong></span> <span class='ocrx_word' id='word_1_19' title='bbox 1248 621 1367 684; x_wconf 80' lang='lat' dir='ltr'><strong>Homeri</strong></span> 
     </span>
     <span class='ocr_line' id='line_1_4' title="bbox 192 711 1366 797; baseline 0.01 -29"><span class='ocrx_word' id='word_1_20' title='bbox 192 717 290 770; x_wconf 87' lang='lat' dir='ltr'><strong>aetate</strong></span> <span class='ocrx_word' id='word_1_21' title='bbox 313 711 525 772; x_wconf 82' lang='lat' dir='ltr'><strong>remorandum</strong></span> <span class='ocrx_word' id='word_1_22' title='bbox 547 729 613 772; x_wconf 86' lang='lat' dir='ltr'><strong>esse</strong></span> <span class='ocrx_word' id='word_1_23' title='bbox 637 712 721 772; x_wconf 85' lang='lat' dir='ltr'><strong>lacile</strong></span> <span class='ocrx_word' id='word_1_24' title='bbox 746 713 800 774; x_wconf 92' lang='lat' dir='ltr'><strong>tibi</strong></span> <span class='ocrx_word' id='word_1_25' title='bbox 822 715 1029 797; x_wconf 79' lang='lat' dir='ltr'><strong>persuadebis,</strong></span> <span class='ocrx_word' id='word_1_26' title='bbox 1053 719 1078 776; x_wconf 89' lang='lat' dir='ltr'><strong>si</strong></span> <span class='ocrx_word' id='word_1_27' title='bbox 1102 721 1249 796; x_wconf 80' lang='lat' dir='ltr'><strong>egregiam</strong></span> <span class='ocrx_word' id='word_1_28' title='bbox 1272 729 1366 780; x_wconf 82' lang='lat' dir='ltr'><strong>artem</strong></span> 
     </span>
     <span class='ocr_line' id='line_1_5' title="bbox 193 806 1366 891; baseline 0.011 -26"><span class='ocrx_word' id='word_1_29' title='bbox 193 806 398 870; x_wconf 79' lang='lat' dir='ltr'><strong>fabricationis</strong></span> <span class='ocrx_word' id='word_1_30' title='bbox 426 812 503 870; x_wconf 87' lang='lat' dir='ltr'><strong>scuti</strong></span> <span class='ocrx_word' id='word_1_31' title='bbox 531 827 598 870; x_wconf 82' lang='lat' dir='ltr'><strong>ctam</strong></span> <span class='ocrx_word' id='word_1_32' title='bbox 630 810 817 872; x_wconf 90' lang='lat' dir='ltr'><strong>incunabulis</strong></span> <span class='ocrx_word' id='word_1_33' title='bbox 845 831 952 891; x_wconf 88' lang='lat' dir='ltr'><strong>operae</strong></span> <span class='ocrx_word' id='word_1_34' title='bbox 981 814 1093 876; x_wconf 91' lang='lat' dir='ltr'><strong>labrilis</strong></span> <span class='ocrx_word' id='word_1_35' title='bbox 1120 813 1189 876; x_wconf 92' lang='lat' dir='ltr'><strong>libri</strong></span> <span class='ocrx_word' id='word_1_36' title='bbox 1218 817 1366 878; x_wconf 81' lang='lat' dir='ltr'><strong>undecimi</strong></span> 
     </span>
     <span class='ocr_line' id='line_1_6' title="bbox 192 903 630 984; baseline 0.007 -19"><span class='ocrx_word' id='word_1_37' title='bbox 192 907 224 964; x_wconf 89' lang='lat' dir='ltr'><em>A</em></span> <span class='ocrx_word' id='word_1_38' title='bbox 250 903 380 966; x_wconf 90' lang='grc'><strong>19-28</strong></span> <span class='ocrx_word' id='word_1_39' title='bbox 404 908 630 984; x_wconf 89' lang='lat' dir='ltr'><strong>comparaveris.</strong></span> 
     </span>
    </p>

    <p class='ocr_par' dir='ltr' id='par_1_4' title="bbox 186 1002 1364 2452">
     <span class='ocr_line' id='line_1_7' title="bbox 283 1002 1364 1083; baseline 0.011 -20"><span class='ocrx_word' id='word_1_40' title='bbox 283 1002 445 1064; x_wconf 82' lang='lat' dir='ltr'><strong>Consilium</strong></span> <span class='ocrx_word' id='word_1_41' title='bbox 475 1005 643 1083; x_wconf 84' lang='lat' dir='ltr'><strong>principum</strong></span> <span class='ocrx_word' id='word_1_42' title='bbox 668 1006 697 1066; x_wconf 85' lang='lat' dir='ltr'><strong><em>B</em></strong></span> <span class='ocrx_word' id='word_1_43' title='bbox 720 1004 852 1068; x_wconf 78' lang='lat'>53-84</span> <span class='ocrx_word' id='word_1_44' title='bbox 875 1010 1028 1070; x_wconf 79' lang='lat' dir='ltr'><strong>ieiunitate</strong></span> <span class='ocrx_word' id='word_1_45' title='bbox 1056 1018 1087 1071; x_wconf 89' lang='lat' dir='ltr'><strong>et</strong></span> <span class='ocrx_word' id='word_1_46' title='bbox 1110 1010 1239 1072; x_wconf 79' lang='lat' dir='ltr'><strong>exilitate</strong></span> <span class='ocrx_word' id='word_1_47' title='bbox 1263 1030 1364 1074; x_wconf 92' lang='lat' dir='ltr'><strong>rerum</strong></span> 
     </span>
     <span class='ocr_line' id='line_1_8' title="bbox 191 1103 1364 1188; baseline 0.01 -28"><span class='ocrx_word' id='word_1_48' title='bbox 191 1111 223 1162; x_wconf 91' lang='lat' dir='ltr'><strong>et</strong></span> <span class='ocrx_word' id='word_1_49' title='bbox 255 1103 399 1162; x_wconf 89' lang='lat' dir='ltr'><strong>orationis</strong></span> <span class='ocrx_word' id='word_1_50' title='bbox 428 1121 605 1182; x_wconf 88' lang='lat' dir='ltr'><strong>magnopere</strong></span> <span class='ocrx_word' id='word_1_51' title='bbox 638 1105 736 1164; x_wconf 89' lang='lat' dir='ltr'><strong>dillert</strong></span> <span class='ocrx_word' id='word_1_52' title='bbox 764 1105 800 1165; x_wconf 94' lang='lat' dir='ltr'><strong>ab</strong></span> <span class='ocrx_word' id='word_1_53' title='bbox 828 1104 963 1167; x_wconf 87' lang='lat' dir='ltr'><strong>ubertate</strong></span> <span class='ocrx_word' id='word_1_54' title='bbox 993 1116 1022 1167; x_wconf 91' lang='lat' dir='ltr'><strong>et</strong></span> <span class='ocrx_word' id='word_1_55' title='bbox 1050 1117 1204 1169; x_wconf 87' lang='lat' dir='ltr'><strong>venustate</strong></span> <span class='ocrx_word' id='word_1_56' title='bbox 1233 1109 1364 1188; x_wconf 89' lang='lat' dir='ltr'><strong>reliquae</strong></span> 
     </span>
     <span class='ocr_line' id='line_1_9' title="bbox 191 1199 1363 1286; baseline 0.01 -28"><span class='ocrx_word' id='word_1_57' title='bbox 191 1201 286 1276; x_wconf 90' lang='lat' dir='ltr'><strong>partis</strong></span> <span class='ocrx_word' id='word_1_58' title='bbox 314 1199 463 1260; x_wconf 80' lang='lat' dir='ltr'><strong>carminis.</strong></span> <span class='ocrx_word' id='word_1_59' title='bbox 509 1200 665 1260; x_wconf 86' lang='lat' dir='ltr'><strong>Praeterea</strong></span> <span class='ocrx_word' id='word_1_60' title='bbox 700 1205 737 1263; x_wconf 90' lang='lat' dir='ltr'><strong>ita</strong></span> <span class='ocrx_word' id='word_1_61' title='bbox 772 1223 803 1264; x_wconf 88' lang='lat' dir='ltr'><strong>se</strong></span> <span class='ocrx_word' id='word_1_62' title='bbox 836 1213 943 1284; x_wconf 87' lang='lat' dir='ltr'><strong>gerunt</strong></span> <span class='ocrx_word' id='word_1_63' title='bbox 974 1208 1124 1284; x_wconf 89' lang='lat' dir='ltr'><strong>principes</strong></span> <span class='ocrx_word' id='word_1_64' title='bbox 1153 1225 1211 1266; x_wconf 93' lang='lat' dir='ltr'><strong>uno</strong></span> <span class='ocrx_word' id='word_1_65' title='bbox 1240 1217 1363 1286; x_wconf 87' lang='lat' dir='ltr'><strong>excepto</strong></span> 
     </span>
     <span class='ocr_line' id='line_1_10' title="bbox 191 1295 1364 1380; baseline 0.007 -24"><span class='ocrx_word' id='word_1_66' title='bbox 191 1295 295 1375; x_wconf 81' lang='lat' dir='ltr'><strong>Ulysse</strong></span> <span class='ocrx_word' id='word_1_67' title='bbox 329 1298 360 1356; x_wconf 93' lang='lat' dir='ltr'><strong>in</strong></span> <span class='ocrx_word' id='word_1_68' title='bbox 393 1300 544 1378; x_wconf 88' lang='lat' dir='ltr'><strong>contione,</strong></span> <span class='ocrx_word' id='word_1_69' title='bbox 582 1307 730 1378; x_wconf 68' lang='lat' dir='ltr'><strong>umquam</strong></span> <span class='ocrx_word' id='word_1_70' title='bbox 762 1301 835 1361; x_wconf 90' lang='lat' dir='ltr'><strong>nibil</strong></span> <span class='ocrx_word' id='word_1_71' title='bbox 868 1301 905 1362; x_wconf 92' lang='lat' dir='ltr'><strong>ab</strong></span> <span class='ocrx_word' id='word_1_72' title='bbox 938 1303 1155 1380; x_wconf 72' lang='lat' dir='ltr'><strong>Agamemnone</strong></span> <span class='ocrx_word' id='word_1_73' title='bbox 1188 1307 1364 1380; x_wconf 91' lang='lat' dir='ltr'><strong>praemoniti</strong></span> 
     </span>
     <span class='ocr_line' id='line_1_11' title="bbox 191 1394 1363 1478; baseline 0.01 -26"><span class='ocrx_word' id='word_1_74' title='bbox 191 1394 317 1471; x_wconf 87' lang='lat' dir='ltr'><strong>luerint,</strong></span> <span class='ocrx_word' id='word_1_75' title='bbox 345 1401 375 1453; x_wconf 89' lang='lat' dir='ltr'><strong>et</strong></span> <span class='ocrx_word' id='word_1_76' title='bbox 403 1397 466 1474; x_wconf 88' lang='lat' dir='ltr'><strong>ipse</strong></span> <span class='ocrx_word' id='word_1_77' title='bbox 491 1394 608 1475; x_wconf 78' lang='lat' dir='ltr'><strong>Ulysses</strong></span> <span class='ocrx_word' id='word_1_78' title='bbox 636 1415 696 1456; x_wconf 94' lang='lat' dir='ltr'><strong>non</strong></span> <span class='ocrx_word' id='word_1_79' title='bbox 720 1398 960 1477; x_wconf 70' lang='lat' dir='ltr'><strong>Agamemnonis,</strong></span> <span class='ocrx_word' id='word_1_80' title='bbox 989 1418 1076 1478; x_wconf 87' lang='lat' dir='ltr'><strong>quam</strong></span> <span class='ocrx_word' id='word_1_81' title='bbox 1105 1403 1134 1460; x_wconf 93' lang='lat' dir='ltr'><strong>in</strong></span> <span class='ocrx_word' id='word_1_82' title='bbox 1164 1402 1287 1463; x_wconf 86' lang='lat' dir='ltr'><strong>consilio</strong></span> <span class='ocrx_word' id='word_1_83' title='bbox 1315 1402 1363 1464; x_wconf 90' lang='lat' dir='ltr'><strong>ille</strong></span> 
     </span>
     <span class='ocr_line' id='line_1_12' title="bbox 190 1490 1363 1572; baseline 0.009 -22"><span class='ocrx_word' id='word_1_84' title='bbox 190 1490 352 1570; x_wconf 88' lang='lat' dir='ltr'><strong>babuerat,</strong></span> <span class='ocrx_word' id='word_1_85' title='bbox 368 1493 515 1572; x_wconf 88' lang='lat' dir='ltr'><strong>oratione,</strong></span> <span class='ocrx_word' id='word_1_86' title='bbox 535 1493 585 1552; x_wconf 87' lang='lat' dir='ltr'><strong>sed</strong></span> <span class='ocrx_word' id='word_1_87' title='bbox 606 1493 754 1555; x_wconf 84' lang='lat' dir='ltr'><strong>Minervae</strong></span> <span class='ocrx_word' id='word_1_88' title='bbox 774 1497 897 1557; x_wconf 91' lang='lat' dir='ltr'><strong>consilio</strong></span> <span class='ocrx_word' id='word_1_89' title='bbox 917 1506 946 1558; x_wconf 92' lang='lat' dir='ltr'><strong>et</strong></span> <span class='ocrx_word' id='word_1_90' title='bbox 964 1497 1163 1559; x_wconf 88' lang='lat' dir='ltr'><strong>admonitione</strong></span> <span class='ocrx_word' id='word_1_91' title='bbox 1184 1509 1217 1560; x_wconf 94' lang='lat' dir='ltr'><strong>ut</strong></span> <span class='ocrx_word' id='word_1_92' title='bbox 1235 1500 1363 1560; x_wconf 87' lang='lat' dir='ltr'><strong>Graecos</strong></span> 
     </span>
     <span class='ocr_line' id='line_1_13' title="bbox 191 1590 1362 1674; baseline 0.008 -27"><span class='ocrx_word' id='word_1_93' title='bbox 191 1607 206 1648; x_wconf 91' lang='lat' dir='ltr'><strong>a</strong></span> <span class='ocrx_word' id='word_1_94' title='bbox 233 1591 313 1667; x_wconf 91' lang='lat' dir='ltr'><strong>turpi</strong></span> <span class='ocrx_word' id='word_1_95' title='bbox 338 1590 405 1668; x_wconf 88' lang='lat' dir='ltr'><strong>luga</strong></span> <span class='ocrx_word' id='word_1_96' title='bbox 430 1598 583 1650; x_wconf 87' lang='lat' dir='ltr'><strong>revocaret</strong></span> <span class='ocrx_word' id='word_1_97' title='bbox 606 1602 773 1654; x_wconf 88' lang='lat' dir='ltr'><strong>commotus</strong></span> <span class='ocrx_word' id='word_1_98' title='bbox 796 1607 855 1674; x_wconf 89' lang='lat' dir='ltr'><strong>est,</strong></span> <span class='ocrx_word' id='word_1_99' title='bbox 880 1595 958 1655; x_wconf 90' lang='lat' dir='ltr'><strong>unde</strong></span> <span class='ocrx_word' id='word_1_100' title='bbox 982 1597 1088 1655; x_wconf 89' lang='lat' dir='ltr'><strong>merito</strong></span> <span class='ocrx_word' id='word_1_101' title='bbox 1112 1598 1169 1656; x_wconf 88' lang='lat' dir='ltr'><strong>iam</strong></span> <span class='ocrx_word' id='word_1_102' title='bbox 1189 1597 1362 1658; x_wconf 73' lang='lat' dir='ltr'><strong>Aristoteles</strong></span> 
     </span>
     <span class='ocr_line' id='line_1_14' title="bbox 190 1685 1362 1774; baseline 0.008 -29"><span class='ocrx_word' id='word_1_103' title='bbox 190 1695 268 1765; x_wconf 88' lang='lat' dir='ltr'><strong>poet.</strong></span> <span class='ocrx_word' id='word_1_104' title='bbox 292 1705 318 1746; x_wconf 94' lang='lat' dir='ltr'><strong>c.</strong></span> <span class='ocrx_word' id='word_1_105' title='bbox 345 1685 385 1748; x_wconf 82' lang='lat'><strong>15</strong></span> <span class='ocrx_word' id='word_1_106' title='bbox 409 1695 525 1764; x_wconf 90' lang='lat' dir='ltr'><strong>poetam</strong></span> <span class='ocrx_word' id='word_1_107' title='bbox 556 1689 760 1769; x_wconf 81' lang='lat' dir='ltr'><strong>reprehendit,</strong></span> <span class='ocrx_word' id='word_1_108' title='bbox 789 1692 867 1771; x_wconf 83' lang='lat' dir='ltr'><strong>thod</strong></span> <span class='ocrx_word' id='word_1_109' title='bbox 898 1693 1022 1754; x_wconf 90' lang='lat' dir='ltr'><strong>deorum</strong></span> <span class='ocrx_word' id='word_1_110' title='bbox 1051 1692 1185 1754; x_wconf 89' lang='lat' dir='ltr'><strong>machina</strong></span> <span class='ocrx_word' id='word_1_111' title='bbox 1214 1714 1286 1755; x_wconf 87' lang='lat' dir='ltr'><strong>usus</strong></span> <span class='ocrx_word' id='word_1_112' title='bbox 1314 1699 1362 1774; x_wconf 89' lang='lat' dir='ltr'><strong>sit,</strong></span> 
     </span>
     <span class='ocr_line' id='line_1_15' title="bbox 190 1783 1362 1867; baseline 0.009 -25"><span class='ocrx_word' id='word_1_113' title='bbox 190 1783 242 1843; x_wconf 94' lang='lat' dir='ltr'><strong>ubi</strong></span> <span class='ocrx_word' id='word_1_114' title='bbox 266 1801 368 1843; x_wconf 91' lang='lat' dir='ltr'><strong>rerum</strong></span> <span class='ocrx_word' id='word_1_115' title='bbox 387 1783 459 1844; x_wconf 86' lang='lat' dir='ltr'><strong>ordo</strong></span> <span class='ocrx_word' id='word_1_116' title='bbox 479 1794 508 1844; x_wconf 94' lang='lat' dir='ltr'><strong>et</strong></span> <span class='ocrx_word' id='word_1_117' title='bbox 527 1789 699 1846; x_wconf 90' lang='lat' dir='ltr'><strong>consecutio</strong></span> <span class='ocrx_word' id='word_1_118' title='bbox 719 1788 917 1867; x_wconf 91' lang='lat' dir='ltr'><strong>expediendae</strong></span> <span class='ocrx_word' id='word_1_119' title='bbox 938 1789 1052 1850; x_wconf 79' lang='lat' dir='ltr'><strong>tabulae</strong></span> <span class='ocrx_word' id='word_1_120' title='bbox 1072 1789 1244 1850; x_wconf 85' lang='lat' dir='ltr'><strong>sufficiebat.</strong></span> <span class='ocrx_word' id='word_1_121' title='bbox 1282 1791 1362 1852; x_wconf 87' lang='lat' dir='ltr'><strong>Duos</strong></span> 
     </span>
     <span class='ocr_line' id='line_1_16' title="bbox 188 1879 1361 1968; baseline 0.008 -29"><span class='ocrx_word' id='word_1_122' title='bbox 188 1890 288 1941; x_wconf 89' lang='lat' dir='ltr'><strong>antem</strong></span> <span class='ocrx_word' id='word_1_123' title='bbox 308 1899 414 1942; x_wconf 80' lang='lat' dir='ltr'><strong>versus</strong></span> <span class='ocrx_word' id='word_1_124' title='bbox 434 1879 497 1943; x_wconf 87' lang='grc'><strong>143</strong></span> <span class='ocrx_word' id='word_1_125' title='bbox 517 1890 547 1942; x_wconf 93' lang='lat' dir='ltr'><strong>et</strong></span> <span class='ocrx_word' id='word_1_126' title='bbox 568 1881 639 1962; x_wconf 82' lang='grc'><strong>194,</strong></span> <span class='ocrx_word' id='word_1_127' title='bbox 662 1887 714 1962; x_wconf 90' lang='lat' dir='ltr'><strong>qui</strong></span> <span class='ocrx_word' id='word_1_128' title='bbox 732 1885 889 1947; x_wconf 90' lang='lat' dir='ltr'><strong>consilium</strong></span> <span class='ocrx_word' id='word_1_129' title='bbox 909 1885 980 1948; x_wconf 83' lang='lat' dir='ltr'><strong>lllrrd</strong></span> <span class='ocrx_word' id='word_1_130' title='bbox 1001 1889 1169 1965; x_wconf 85' lang='lat' dir='ltr'><strong>principum</strong></span> <span class='ocrx_word' id='word_1_131' title='bbox 1189 1890 1361 1968; x_wconf 88' lang='lat' dir='ltr'><strong>respiciunt,</strong></span> 
     </span>
     <span class='ocr_line' id='line_1_17' title="bbox 187 1977 1361 2064; baseline 0.009 -27"><span class='ocrx_word' id='word_1_132' title='bbox 187 1977 225 2038; x_wconf 89' lang='lat' dir='ltr'><strong>ab</strong></span> <span class='ocrx_word' id='word_1_133' title='bbox 248 1978 475 2058; x_wconf 87' lang='lat' dir='ltr'><strong>interpolatore,</strong></span> <span class='ocrx_word' id='word_1_134' title='bbox 503 1997 540 2040; x_wconf 87' lang='lat' dir='ltr'><strong>ne</strong></span> <span class='ocrx_word' id='word_1_135' title='bbox 565 1982 653 2040; x_wconf 85' lang='lat' dir='ltr'><strong>nimia</strong></span> <span class='ocrx_word' id='word_1_136' title='bbox 676 1984 755 2042; x_wconf 89' lang='lat' dir='ltr'><strong>inter</strong></span> <span class='ocrx_word' id='word_1_137' title='bbox 778 1999 810 2042; x_wconf 91' lang='lat' dir='ltr'><strong>se</strong></span> <span class='ocrx_word' id='word_1_138' title='bbox 834 1985 908 2044; x_wconf 87' lang='lat' dir='ltr'><strong>duae</strong></span> <span class='ocrx_word' id='word_1_139' title='bbox 933 1983 1001 2044; x_wconf 89' lang='lat' dir='ltr'><strong>libri</strong></span> <span class='ocrx_word' id='word_1_140' title='bbox 1024 1992 1124 2061; x_wconf 87' lang='lat' dir='ltr'><strong>partes</strong></span> <span class='ocrx_word' id='word_1_141' title='bbox 1148 1984 1361 2064; x_wconf 87' lang='lat' dir='ltr'><strong>discordarent,</strong></span> 
     </span>
     <span class='ocr_line' id='line_1_18' title="bbox 187 2077 1361 2156; baseline 0.005 -20"><span class='ocrx_word' id='word_1_142' title='bbox 187 2077 321 2138; x_wconf 85' lang='lat' dir='ltr'><strong>adiectos</strong></span> <span class='ocrx_word' id='word_1_143' title='bbox 343 2095 408 2138; x_wconf 90' lang='lat' dir='ltr'><strong>esse</strong></span> <span class='ocrx_word' id='word_1_144' title='bbox 433 2080 463 2138; x_wconf 93' lang='lat' dir='ltr'><strong>in</strong></span> <span class='ocrx_word' id='word_1_145' title='bbox 486 2078 642 2156; x_wconf 88' lang='lat' dir='ltr'><strong>propatulo</strong></span> <span class='ocrx_word' id='word_1_146' title='bbox 662 2087 714 2139; x_wconf 89' lang='lat' dir='ltr'><strong>est.</strong></span> <span class='ocrx_word' id='word_1_147' title='bbox 753 2079 823 2141; x_wconf 93' lang='lat' dir='ltr'><strong>lnde</strong></span> <span class='ocrx_word' id='word_1_148' title='bbox 842 2081 1029 2142; x_wconf 86' lang='lat' dir='ltr'><strong>Lachmanno</strong></span> <span class='ocrx_word' id='word_1_149' title='bbox 1050 2089 1079 2142; x_wconf 91' lang='lat' dir='ltr'><strong>et</strong></span> <span class='ocrx_word' id='word_1_150' title='bbox 1098 2080 1238 2142; x_wconf 91' lang='lat' dir='ltr'><strong>lloecblio</strong></span> <span class='ocrx_word' id='word_1_151' title='bbox 1258 2101 1361 2142; x_wconf 86' lang='lat' dir='ltr'><strong>versus</strong></span> 
     </span>
     <span class='ocr_line' id='line_1_19' title="bbox 187 2171 1360 2258; baseline 0.005 -24"><span class='ocrx_word' id='word_1_152' title='bbox 187 2171 321 2235; x_wconf 82' lang='lat'>53-84</span> <span class='ocrx_word' id='word_1_153' title='bbox 341 2175 546 2236; x_wconf 84' lang='lat' dir='ltr'><strong>reserantibus</strong></span> <span class='ocrx_word' id='word_1_154' title='bbox 565 2194 678 2236; x_wconf 90' lang='lat' dir='ltr'><strong>morem</strong></span> <span class='ocrx_word' id='word_1_155' title='bbox 701 2193 805 2254; x_wconf 83' lang='lat' dir='ltr'><strong>gerere</strong></span> <span class='ocrx_word' id='word_1_156' title='bbox 825 2196 884 2238; x_wconf 92' lang='lat' dir='ltr'><strong>non</strong></span> <span class='ocrx_word' id='word_1_157' title='bbox 903 2176 1043 2238; x_wconf 87' lang='lat' dir='ltr'><strong>dubitavi.</strong></span> <span class='ocrx_word' id='word_1_158' title='bbox 1081 2177 1140 2238; x_wconf 90' lang='lat' dir='ltr'><strong>Sed</strong></span> <span class='ocrx_word' id='word_1_159' title='bbox 1159 2197 1196 2238; x_wconf 93' lang='lat' dir='ltr'><strong>ne</strong></span> <span class='ocrx_word' id='word_1_160' title='bbox 1212 2171 1360 2258; x_wconf 79' lang='grc' dir='ltr'><strong><em>Ὀνείρου</em></strong></span> 
     </span>
     <span class='ocr_line' id='line_1_20' title="bbox 187 2269 1359 2354; baseline 0.003 -23"><span class='ocrx_word' id='word_1_161' title='bbox 187 2271 310 2350; x_wconf 85' lang='lat' dir='ltr'><strong>quidem</strong></span> <span class='ocrx_word' id='word_1_162' title='bbox 333 2273 396 2332; x_wconf 90' lang='lat' dir='ltr'><strong>sive</strong></span> <span class='ocrx_word' id='word_1_163' title='bbox 415 2291 555 2333; x_wconf 85' lang='lat' dir='ltr'><strong>versuum</strong></span> <span class='ocrx_word' id='word_1_164' title='bbox 575 2273 603 2334; x_wconf 87' lang='lat' dir='ltr'><em>B</em></span> <span class='ocrx_word' id='word_1_165' title='bbox 625 2271 732 2335; x_wconf 46' lang='lat' dir='ltr'><strong>tmen</strong></span> <span class='ocrx_word' id='word_1_166' title='bbox 752 2273 844 2334; x_wconf 93' lang='lat' dir='ltr'><strong>ullum</strong></span> <span class='ocrx_word' id='word_1_167' title='bbox 865 2269 1020 2353; x_wconf 86' lang='lat' dir='ltr'><strong>vestigium</strong></span> <span class='ocrx_word' id='word_1_168' title='bbox 1042 2277 1072 2334; x_wconf 92' lang='lat' dir='ltr'><strong>in</strong></span> <span class='ocrx_word' id='word_1_169' title='bbox 1096 2275 1253 2354; x_wconf 90' lang='lat' dir='ltr'><strong>principali</strong></span> <span class='ocrx_word' id='word_1_170' title='bbox 1276 2284 1359 2354; x_wconf 90' lang='lat' dir='ltr'><strong>parte</strong></span> 
     </span>
     <span class='ocr_line' id='line_1_21' title="bbox 186 2355 1360 2452; baseline 0.005 -24"><span class='ocrx_word' id='word_1_171' title='bbox 186 2367 258 2428; x_wconf 92' lang='lat' dir='ltr'><strong>libri</strong></span> <span class='ocrx_word' id='word_1_172' title='bbox 281 2371 404 2430; x_wconf 88' lang='lat' dir='ltr'><strong>secundi</strong></span> <span class='ocrx_word' id='word_1_173' title='bbox 428 2379 563 2450; x_wconf 84' lang='lat' dir='ltr'><strong>apparet3</strong></span> <span class='ocrx_word' id='word_1_174' title='bbox 587 2355 676 2431; x_wconf 73' lang='lat' dir='ltr'><strong>im&#39;mo</strong></span> <span class='ocrx_word' id='word_1_175' title='bbox 700 2372 803 2433; x_wconf 94' lang='lat' dir='ltr'><strong>dubito</strong></span> <span class='ocrx_word' id='word_1_176' title='bbox 823 2391 860 2432; x_wconf 89' lang='lat' dir='ltr'><strong>an</strong></span> <span class='ocrx_word' id='word_1_177' title='bbox 879 2382 965 2450; x_wconf 88' lang='lat' dir='ltr'><strong>poeta</strong></span> <span class='ocrx_word' id='word_1_178' title='bbox 984 2375 1231 2451; x_wconf 74' lang='lat' dir='ltr'><strong>Agamemnonem</strong></span> <span class='ocrx_word' id='word_1_179' title='bbox 1251 2377 1303 2452; x_wconf 89' lang='lat' dir='ltr'><strong>sic,</strong></span> <span class='ocrx_word' id='word_1_180' title='bbox 1328 2383 1360 2434; x_wconf 93' lang='lat' dir='ltr'><strong>ut</strong></span> 
     </span>
    </p>

    <p class='ocr_par' dir='ltr' id='par_1_5' title="bbox 148 2466 1359 3035">
     <span class='ocr_line' id='line_1_22' title="bbox 148 2466 1359 2549; baseline 0.005 -25"><span class='ocrx_word' id='word_1_181' title='bbox 148 2525 153 2536; x_wconf 79' lang='grc'>,</span> <span class='ocrx_word' id='word_1_182' title='bbox 187 2466 323 2528; x_wconf 84' lang='lat' dir='ltr'><strong>versibus</strong></span> <span class='ocrx_word' id='word_1_183' title='bbox 346 2466 617 2549; x_wconf 78' lang='grc' dir='ltr'><strong>111-1161οο11,</strong></span> <span class='ocrx_word' id='word_1_184' title='bbox 641 2469 788 2530; x_wconf 88' lang='lat' dir='ltr'><strong>dicentem</strong></span> <span class='ocrx_word' id='word_1_185' title='bbox 810 2470 943 2530; x_wconf 83' lang='lat' dir='ltr'><strong>facturus</strong></span> <span class='ocrx_word' id='word_1_186' title='bbox 968 2469 1071 2548; x_wconf 76' lang='lat' dir='ltr'><strong>lexerit,</strong></span> <span class='ocrx_word' id='word_1_187' title='bbox 1094 2473 1119 2530; x_wconf 88' lang='lat' dir='ltr'><strong>si</strong></span> <span class='ocrx_word' id='word_1_188' title='bbox 1139 2473 1270 2530; x_wconf 91' lang='lat' dir='ltr'><strong>contioni</strong></span> <span class='ocrx_word' id='word_1_189' title='bbox 1293 2469 1359 2530; x_wconf 91' lang='lat' dir='ltr'><strong>illos</strong></span> 
     </span>
     <span class='ocr_line' id='line_1_23' title="bbox 186 2565 1358 2646; baseline 0.003 -23"><span class='ocrx_word' id='word_1_190' title='bbox 186 2582 292 2624; x_wconf 82' lang='lat' dir='ltr'><strong>versus</strong></span> <span class='ocrx_word' id='word_1_191' title='bbox 321 2567 378 2624; x_wconf 90' lang='lat' dir='ltr'><strong>iam</strong></span> <span class='ocrx_word' id='word_1_192' title='bbox 406 2567 624 2646; x_wconf 74' lang='lat' dir='ltr'><strong>praemisisset,</strong></span> <span class='ocrx_word' id='word_1_193' title='bbox 652 2585 709 2646; x_wconf 90' lang='lat' dir='ltr'><strong>qua</strong></span> <span class='ocrx_word' id='word_1_194' title='bbox 737 2567 774 2627; x_wconf 91' lang='lat' dir='ltr'><strong>de</strong></span> <span class='ocrx_word' id='word_1_195' title='bbox 798 2585 887 2626; x_wconf 88' lang='lat' dir='ltr'><strong>causa</strong></span> <span class='ocrx_word' id='word_1_196' title='bbox 913 2565 968 2626; x_wconf 92' lang='lat' dir='ltr'><strong>bos</strong></span> <span class='ocrx_word' id='word_1_197' title='bbox 992 2583 1110 2646; x_wconf 89' lang='lat' dir='ltr'><strong>quoque</strong></span> <span class='ocrx_word' id='word_1_198' title='bbox 1134 2583 1238 2627; x_wconf 86' lang='lat' dir='ltr'><strong>versus</strong></span> <span class='ocrx_word' id='word_1_199' title='bbox 1262 2575 1292 2626; x_wconf 93' lang='lat' dir='ltr'><strong>et</strong></span> <span class='ocrx_word' id='word_1_200' title='bbox 1316 2569 1358 2626; x_wconf 91' lang='lat' dir='ltr'><strong>iu·</strong></span> 
     </span>
     <span class='ocr_line' id='line_1_24' title="bbox 186 2659 1358 2742; baseline 0.003 -22"><span class='ocrx_word' id='word_1_201' title='bbox 186 2678 278 2740; x_wconf 88' lang='lat' dir='ltr'><strong>super</strong></span> <span class='ocrx_word' id='word_1_202' title='bbox 306 2659 491 2724; x_wconf 85' lang='grc'><strong>239-242</strong></span> <span class='ocrx_word' id='word_1_203' title='bbox 519 2671 549 2724; x_wconf 91' lang='lat' dir='ltr'><strong>et</strong></span> <span class='ocrx_word' id='word_1_204' title='bbox 576 2661 758 2724; x_wconf 75' lang='lat' dir='ltr'><strong>att-378</strong></span> <span class='ocrx_word' id='word_1_205' title='bbox 787 2672 889 2742; x_wconf 89' lang='lat' dir='ltr'><strong>pastea</strong></span> <span class='ocrx_word' id='word_1_206' title='bbox 922 2665 983 2724; x_wconf 83' lang='lat' dir='ltr'><strong>sive</strong></span> <span class='ocrx_word' id='word_1_207' title='bbox 1016 2664 1142 2724; x_wconf 88' lang='lat' dir='ltr'><strong>eundern</strong></span> <span class='ocrx_word' id='word_1_208' title='bbox 1175 2665 1236 2724; x_wconf 88' lang='lat' dir='ltr'><strong>sive</strong></span> <span class='ocrx_word' id='word_1_209' title='bbox 1269 2662 1358 2724; x_wconf 78' lang='lat' dir='ltr'><strong>alum</strong></span> 
     </span>
     <span class='ocr_line' id='line_1_25' title="bbox 184 2759 1358 2841; baseline 0.003 -23"><span class='ocrx_word' id='word_1_210' title='bbox 184 2767 304 2837; x_wconf 85' lang='lat' dir='ltr'><strong>poetam</strong></span> <span class='ocrx_word' id='word_1_211' title='bbox 328 2759 472 2821; x_wconf 87' lang='lat' dir='ltr'><strong>adiecisse</strong></span> <span class='ocrx_word' id='word_1_212' title='bbox 501 2768 587 2841; x_wconf 91' lang='lat' dir='ltr'><strong>puto,</strong></span> <span class='ocrx_word' id='word_1_213' title='bbox 616 2760 725 2840; x_wconf 90' lang='lat' dir='ltr'><strong>quibus</strong></span> <span class='ocrx_word' id='word_1_214' title='bbox 748 2764 860 2822; x_wconf 91' lang='lat' dir='ltr'><strong>arctius</strong></span> <span class='ocrx_word' id='word_1_215' title='bbox 884 2760 1009 2822; x_wconf 89' lang='lat' dir='ltr'><strong>altermn</strong></span> <span class='ocrx_word' id='word_1_216' title='bbox 1032 2760 1142 2822; x_wconf 91' lang='lat' dir='ltr'><strong>librum</strong></span> <span class='ocrx_word' id='word_1_217' title='bbox 1166 2779 1234 2822; x_wconf 90' lang='lat' dir='ltr'><strong>cum</strong></span> <span class='ocrx_word' id='word_1_218' title='bbox 1257 2763 1358 2839; x_wconf 88' lang='lat' dir='ltr'><strong>priore</strong></span> 
     </span>
     <span class='ocr_line' id='line_1_26' title="bbox 184 2857 1357 2938; baseline 0.003 -22"><span class='ocrx_word' id='word_1_219' title='bbox 184 2865 366 2918; x_wconf 77' lang='lat' dir='ltr'><strong>concuteret.</strong></span> <span class='ocrx_word' id='word_1_220' title='bbox 398 2857 461 2920; x_wconf 83' lang='lat' dir='ltr'><strong>Hoc</strong></span> <span class='ocrx_word' id='word_1_221' title='bbox 484 2865 584 2920; x_wconf 91' lang='lat' dir='ltr'><strong>autem</strong></span> <span class='ocrx_word' id='word_1_222' title='bbox 608 2861 718 2920; x_wconf 87' lang='lat' dir='ltr'><strong>lactum</strong></span> <span class='ocrx_word' id='word_1_223' title='bbox 742 2868 788 2920; x_wconf 88' lang='lat' dir='ltr'><strong>est</strong></span> <span class='ocrx_word' id='word_1_224' title='bbox 811 2867 878 2920; x_wconf 91' lang='lat' dir='ltr'><strong>ante</strong></span> <span class='ocrx_word' id='word_1_225' title='bbox 902 2861 1081 2938; x_wconf 90' lang='lat' dir='ltr'><strong>compositos</strong></span> <span class='ocrx_word' id='word_1_226' title='bbox 1106 2858 1197 2919; x_wconf 86' lang='lat' dir='ltr'><strong>libros</strong></span> <span class='ocrx_word' id='word_1_227' title='bbox 1216 2859 1249 2919; x_wconf 88' lang='lat' dir='ltr'><em>K</em></span> <span class='ocrx_word' id='word_1_228' title='bbox 1267 2867 1298 2920; x_wconf 93' lang='lat' dir='ltr'><strong>et</strong></span> <span class='ocrx_word' id='word_1_229' title='bbox 1316 2859 1357 2938; x_wconf 76' lang='grc' dir='ltr'><strong>Ω,</strong></span> 
     </span>
     <span class='ocr_line' id='line_1_27' title="bbox 185 2953 1215 3035; baseline 0.002 -21"><span class='ocrx_word' id='word_1_230' title='bbox 185 2956 256 3032; x_wconf 88' lang='lat' dir='ltr'><strong>quia</strong></span> <span class='ocrx_word' id='word_1_231' title='bbox 279 2955 308 3015; x_wconf 86' lang='lat' dir='ltr'><em>B</em></span> <span class='ocrx_word' id='word_1_232' title='bbox 334 2953 419 3016; x_wconf 84' lang='grc'><strong>1-2</strong></span> <span class='ocrx_word' id='word_1_233' title='bbox 442 2964 473 3016; x_wconf 89' lang='lat' dir='ltr'><strong>et</strong></span> <span class='ocrx_word' id='word_1_234' title='bbox 497 2955 536 3018; x_wconf 88' lang='lat'><strong>81</strong></span> <span class='ocrx_word' id='word_1_235' title='bbox 563 2957 696 3035; x_wconf 88' lang='lat' dir='ltr'><strong>exemplo</strong></span> <span class='ocrx_word' id='word_1_236' title='bbox 720 2958 842 3017; x_wconf 85' lang='lat' dir='ltr'><strong>luerunt</strong></span> <span class='ocrx_word' id='word_1_237' title='bbox 866 2957 898 3017; x_wconf 89' lang='lat' dir='ltr'><em>K</em></span> <span class='ocrx_word' id='word_1_238' title='bbox 923 2955 1009 3018; x_wconf 91' lang='grc'><strong>1-4</strong></span> <span class='ocrx_word' id='word_1_239' title='bbox 1033 2965 1063 3017; x_wconf 93' lang='lat' dir='ltr'><strong>et</strong></span> <span class='ocrx_word' id='word_1_240' title='bbox 1085 2957 1118 3018; x_wconf 73' lang='grc' dir='ltr'><em>Ω</em></span> <span class='ocrx_word' id='word_1_241' title='bbox 1142 2953 1215 3018; x_wconf 89' lang='grc'><strong>222.</strong></span> 
     </span>
    </p>

    <p class='ocr_par' dir='ltr' id='par_1_6' title="bbox 180 3051 1412 4404">
     <span class='ocr_line' id='line_1_28' title="bbox 275 3051 1356 3135; baseline 0 -22"><span class='ocrx_word' id='word_1_242' title='bbox 275 3051 464 3132; x_wconf 89' lang='lat' dir='ltr'><strong>Legatiouem</strong></span> <span class='ocrx_word' id='word_1_243' title='bbox 484 3056 545 3114; x_wconf 88' lang='lat' dir='ltr'><strong>sive</strong></span> <span class='ocrx_word' id='word_1_244' title='bbox 565 3053 755 3135; x_wconf 80' lang='grc' dir='ltr'><strong><em>Πρεσβείαν</em></strong></span> <span class='ocrx_word' id='word_1_245' title='bbox 779 3061 871 3114; x_wconf 93' lang='lat' dir='ltr'><strong>totam</strong></span> <span class='ocrx_word' id='word_1_246' title='bbox 891 3062 990 3114; x_wconf 88' lang='lat' dir='ltr'><strong>vetere</strong></span> <span class='ocrx_word' id='word_1_247' title='bbox 1010 3052 1100 3114; x_wconf 89' lang='lat' dir='ltr'><strong>iliade</strong></span> <span class='ocrx_word' id='word_1_248' title='bbox 1119 3053 1246 3114; x_wconf 84' lang='lat' dir='ltr'><strong>exclusit</strong></span> <span class='ocrx_word' id='word_1_249' title='bbox 1264 3052 1356 3114; x_wconf 84' lang='lat' dir='ltr'><strong>Lach-</strong></span> 
     </span>
     <span class='ocr_line' id='line_1_29' title="bbox 183 3151 1357 3231; baseline -0.001 -21"><span class='ocrx_word' id='word_1_250' title='bbox 183 3167 325 3231; x_wconf 81' lang='lat' dir='ltr'><strong>mannus3</strong></span> <span class='ocrx_word' id='word_1_251' title='bbox 348 3151 405 3212; x_wconf 91' lang='lat' dir='ltr'><strong>boc</strong></span> <span class='ocrx_word' id='word_1_252' title='bbox 429 3169 488 3230; x_wconf 90' lang='lat' dir='ltr'><strong>quo</strong></span> <span class='ocrx_word' id='word_1_253' title='bbox 507 3155 572 3212; x_wconf 91' lang='lat' dir='ltr'><strong>iure</strong></span> <span class='ocrx_word' id='word_1_254' title='bbox 592 3151 709 3229; x_wconf 86' lang='lat' dir='ltr'><strong>lecerit,</strong></span> <span class='ocrx_word' id='word_1_255' title='bbox 730 3169 808 3211; x_wconf 81' lang='lat' dir='ltr'><strong>nrauc</strong></span> <span class='ocrx_word' id='word_1_256' title='bbox 829 3169 887 3212; x_wconf 93' lang='lat' dir='ltr'><strong>non</strong></span> <span class='ocrx_word' id='word_1_257' title='bbox 907 3168 1027 3230; x_wconf 88' lang='lat' dir='ltr'><strong>quaero,</strong></span> <span class='ocrx_word' id='word_1_258' title='bbox 1049 3151 1101 3212; x_wconf 90' lang='lat' dir='ltr'><strong>sed</strong></span> <span class='ocrx_word' id='word_1_259' title='bbox 1121 3167 1224 3210; x_wconf 82' lang='lat' dir='ltr'><strong>omtres</strong></span> <span class='ocrx_word' id='word_1_260' title='bbox 1244 3167 1357 3228; x_wconf 84' lang='lat' dir='ltr'><strong>versus,</strong></span> 
     </span>
     <span class='ocr_line' id='line_1_30' title="bbox 185 3245 1355 3328; baseline 0 -20"><span class='ocrx_word' id='word_1_261' title='bbox 185 3247 296 3327; x_wconf 86' lang='lat' dir='ltr'><strong>quibus</strong></span> <span class='ocrx_word' id='word_1_262' title='bbox 319 3247 450 3308; x_wconf 85' lang='lat' dir='ltr'><strong>Phoenix</strong></span> <span class='ocrx_word' id='word_1_263' title='bbox 479 3251 559 3308; x_wconf 91' lang='lat' dir='ltr'><strong>inter</strong></span> <span class='ocrx_word' id='word_1_264' title='bbox 587 3247 697 3326; x_wconf 87' lang='lat' dir='ltr'><strong>legatos</strong></span> <span class='ocrx_word' id='word_1_265' title='bbox 725 3247 816 3308; x_wconf 89' lang='lat' dir='ltr'><strong>luisse</strong></span> <span class='ocrx_word' id='word_1_266' title='bbox 842 3249 984 3328; x_wconf 91' lang='lat' dir='ltr'><strong>relertur,</strong></span> <span class='ocrx_word' id='word_1_267' title='bbox 1014 3249 1038 3309; x_wconf 87' lang='grc' dir='ltr'><em>Ι</em></span> <span class='ocrx_word' id='word_1_268' title='bbox 1066 3245 1257 3309; x_wconf 85' lang='grc'><strong>168-169,</strong></span> <span class='ocrx_word' id='word_1_269' title='bbox 1284 3245 1355 3310; x_wconf 90' lang='grc'><strong>180.</strong></span> 
     </span>
     <span class='ocr_line' id='line_1_31' title="bbox 183 3342 1356 3423; baseline 0 -19"><span class='ocrx_word' id='word_1_270' title='bbox 183 3342 381 3406; x_wconf 83' lang='grc'><strong>421-429.</strong></span> <span class='ocrx_word' id='word_1_271' title='bbox 405 3343 599 3407; x_wconf 82' lang='grc'><strong>432-622.</strong></span> <span class='ocrx_word' id='word_1_272' title='bbox 624 3342 808 3406; x_wconf 77' lang='lat' dir='ltr'><strong>dus-668.</strong></span> <span class='ocrx_word' id='word_1_273' title='bbox 837 3342 1027 3423; x_wconf 83' lang='grc'><strong>690-692,</strong></span> <span class='ocrx_word' id='word_1_274' title='bbox 1055 3344 1091 3405; x_wconf 91' lang='lat' dir='ltr'><strong>ab</strong></span> <span class='ocrx_word' id='word_1_275' title='bbox 1120 3344 1278 3406; x_wconf 86' lang='lat' dir='ltr'><strong>Homerida</strong></span> <span class='ocrx_word' id='word_1_276' title='bbox 1306 3344 1356 3405; x_wconf 91' lang='lat' dir='ltr'><strong>ali·</strong></span> 
     </span>
     <span class='ocr_line' id='line_1_32' title="bbox 185 3441 1356 3523; baseline 0 -19"><span class='ocrx_word' id='word_1_277' title='bbox 185 3462 247 3523; x_wconf 93' lang='lat' dir='ltr'><strong>quo</strong></span> <span class='ocrx_word' id='word_1_278' title='bbox 278 3443 392 3504; x_wconf 89' lang='lat' dir='ltr'><strong>additos</strong></span> <span class='ocrx_word' id='word_1_279' title='bbox 422 3463 487 3505; x_wconf 88' lang='lat' dir='ltr'><strong>esse</strong></span> <span class='ocrx_word' id='word_1_280' title='bbox 520 3442 669 3523; x_wconf 91' lang='lat' dir='ltr'><strong>praeclare</strong></span> <span class='ocrx_word' id='word_1_281' title='bbox 698 3461 794 3522; x_wconf 92' lang='lat' dir='ltr'><strong>nuper</strong></span> <span class='ocrx_word' id='word_1_282' title='bbox 822 3442 980 3522; x_wconf 78' lang='lat' dir='ltr'><strong>Berginins,</strong></span> <span class='ocrx_word' id='word_1_283' title='bbox 1010 3442 1126 3503; x_wconf 88' lang='lat' dir='ltr'><strong>Griech.</strong></span> <span class='ocrx_word' id='word_1_284' title='bbox 1156 3442 1211 3504; x_wconf 87' lang='lat' dir='ltr'><strong>Lit.</strong></span> <span class='ocrx_word' id='word_1_285' title='bbox 1239 3461 1267 3520; x_wconf 93' lang='lat' dir='ltr'><strong>p.</strong></span> <span class='ocrx_word' id='word_1_286' title='bbox 1291 3441 1356 3504; x_wconf 79' lang='lat'><strong>595</strong></span> 
     </span>
     <span class='ocr_line' id='line_1_33' title="bbox 183 3539 1354 3622; baseline -0.002 -21"><span class='ocrx_word' id='word_1_287' title='bbox 183 3541 407 3602; x_wconf 87' lang='lat' dir='ltr'><strong>demonstrarit.</strong></span> <span class='ocrx_word' id='word_1_288' title='bbox 453 3542 586 3622; x_wconf 88' lang='lat' dir='ltr'><strong>Namque</strong></span> <span class='ocrx_word' id='word_1_289' title='bbox 610 3542 684 3602; x_wconf 90' lang='lat' dir='ltr'><strong>duos</strong></span> <span class='ocrx_word' id='word_1_290' title='bbox 708 3540 843 3601; x_wconf 90' lang='lat' dir='ltr'><strong>sollemni</strong></span> <span class='ocrx_word' id='word_1_291' title='bbox 866 3557 961 3620; x_wconf 86' lang='lat' dir='ltr'><strong>more,</strong></span> <span class='ocrx_word' id='word_1_292' title='bbox 990 3559 1048 3601; x_wconf 92' lang='lat' dir='ltr'><strong>non</strong></span> <span class='ocrx_word' id='word_1_293' title='bbox 1072 3549 1133 3600; x_wconf 91' lang='lat' dir='ltr'><strong>tres</strong></span> <span class='ocrx_word' id='word_1_294' title='bbox 1161 3539 1272 3619; x_wconf 86' lang='lat' dir='ltr'><strong>legatos</strong></span> <span class='ocrx_word' id='word_1_295' title='bbox 1295 3543 1354 3619; x_wconf 92' lang='lat' dir='ltr'><strong>pri-</strong></span> 
     </span>
     <span class='ocr_line' id='line_1_34' title="bbox 184 3636 1355 3717; baseline -0.001 -19"><span class='ocrx_word' id='word_1_296' title='bbox 184 3640 277 3700; x_wconf 90' lang='lat' dir='ltr'><strong>mitus</strong></span> <span class='ocrx_word' id='word_1_297' title='bbox 295 3640 331 3699; x_wconf 89' lang='lat' dir='ltr'><strong>ad</strong></span> <span class='ocrx_word' id='word_1_298' title='bbox 346 3639 489 3700; x_wconf 71' lang='lat' dir='ltr'><strong>rlcbillem</strong></span> <span class='ocrx_word' id='word_1_299' title='bbox 508 3641 615 3700; x_wconf 89' lang='lat' dir='ltr'><strong>missos</strong></span> <span class='ocrx_word' id='word_1_300' title='bbox 634 3655 713 3717; x_wconf 89' lang='lat' dir='ltr'><strong>esse,</strong></span> <span class='ocrx_word' id='word_1_301' title='bbox 732 3640 797 3698; x_wconf 90' lang='lat' dir='ltr'><strong>eius</strong></span> <span class='ocrx_word' id='word_1_302' title='bbox 816 3639 860 3697; x_wconf 90' lang='lat' dir='ltr'><strong>rei</strong></span> <span class='ocrx_word' id='word_1_303' title='bbox 879 3639 908 3698; x_wconf 93' lang='lat' dir='ltr'><strong>in</strong></span> <span class='ocrx_word' id='word_1_304' title='bbox 929 3637 1065 3701; x_wconf 91' lang='lat' dir='ltr'><strong>dualibus</strong></span> <span class='ocrx_word' id='word_1_305' title='bbox 1085 3656 1224 3698; x_wconf 85' lang='lat' dir='ltr'><strong>versuum</strong></span> <span class='ocrx_word' id='word_1_306' title='bbox 1242 3638 1264 3698; x_wconf 88' lang='lat' dir='ltr'><em>I</em></span> <span class='ocrx_word' id='word_1_307' title='bbox 1283 3636 1355 3698; x_wconf 83' lang='lat'>182.</span> 
     </span>
     <span class='ocr_line' id='line_1_35' title="bbox 187 3733 1354 3815; baseline -0.001 -19"><span class='ocrx_word' id='word_1_308' title='bbox 187 3734 259 3797; x_wconf 85' lang='lat'>183.</span> <span class='ocrx_word' id='word_1_309' title='bbox 292 3733 363 3798; x_wconf 92' lang='grc'><strong>192.</strong></span> <span class='ocrx_word' id='word_1_310' title='bbox 395 3734 467 3799; x_wconf 89' lang='grc'><strong>196.</strong></span> <span class='ocrx_word' id='word_1_311' title='bbox 496 3734 568 3798; x_wconf 82' lang='grc'><strong>191.</strong></span> <span class='ocrx_word' id='word_1_312' title='bbox 599 3733 661 3797; x_wconf 87' lang='grc'><strong>198</strong></span> <span class='ocrx_word' id='word_1_313' title='bbox 690 3743 771 3796; x_wconf 90' lang='lat' dir='ltr'><strong>certa</strong></span> <span class='ocrx_word' id='word_1_314' title='bbox 795 3733 897 3797; x_wconf 88' lang='lat' dir='ltr'><strong>relicta</strong></span> <span class='ocrx_word' id='word_1_315' title='bbox 928 3744 997 3796; x_wconf 91' lang='lat' dir='ltr'><strong>sunt</strong></span> <span class='ocrx_word' id='word_1_316' title='bbox 1025 3737 1206 3815; x_wconf 88' lang='lat' dir='ltr'><strong>testimonia,</strong></span> <span class='ocrx_word' id='word_1_317' title='bbox 1234 3742 1263 3794; x_wconf 85' lang='lat' dir='ltr'><strong>ot</strong></span> <span class='ocrx_word' id='word_1_318' title='bbox 1291 3753 1354 3795; x_wconf 89' lang='lat' dir='ltr'><strong>ver-</strong></span> 
     </span>
     <span class='ocr_line' id='line_1_36' title="bbox 184 3823 1356 3914; baseline -0.003 -19"><span class='ocrx_word' id='word_1_319' title='bbox 184 3853 252 3896; x_wconf 89' lang='lat' dir='ltr'><strong>sum</strong></span> <span class='ocrx_word' id='word_1_320' title='bbox 285 3835 306 3895; x_wconf 93' lang='lat' dir='ltr'><em>I</em></span> <span class='ocrx_word' id='word_1_321' title='bbox 337 3831 402 3896; x_wconf 87' lang='grc'><strong>223</strong></span> <span class='ocrx_word' id='word_1_322' title='bbox 435 3824 529 3894; x_wconf 85' lang='grc' dir='ltr'><strong>νεῦο’</strong></span> <span class='ocrx_word' id='word_1_323' title='bbox 564 3835 648 3906; x_wconf 70' lang='grc' dir='ltr'><strong>Αἶας</strong></span> <span class='ocrx_word' id='word_1_324' title='bbox 683 3833 832 3910; x_wconf 81' lang='grc' dir='ltr'><strong><em>Φοίνικι,</em></strong></span> <span class='ocrx_word' id='word_1_325' title='bbox 869 3827 971 3914; x_wconf 82' lang='grc' dir='ltr'><strong><em>νόησε</em></strong></span> <span class='ocrx_word' id='word_1_326' title='bbox 1003 3826 1040 3894; x_wconf 75' lang='grc' dir='ltr'><strong>δὲ</strong></span> <span class='ocrx_word' id='word_1_327' title='bbox 1078 3831 1150 3904; x_wconf 75' lang='grc' dir='ltr'><strong><em>δῖος</em></strong></span> <span class='ocrx_word' id='word_1_328' title='bbox 1178 3823 1356 3903; x_wconf 77' lang='grc' dir='ltr'><strong><em>Ὀδυσσεύς</em></strong></span> 
     </span>
     <span class='ocr_line' id='line_1_37' title="bbox 182 3927 1354 4011; baseline -0.003 -20"><span class='ocrx_word' id='word_1_329' title='bbox 182 3933 369 4011; x_wconf 89' lang='lat' dir='ltr'><strong>ineptissime</strong></span> <span class='ocrx_word' id='word_1_330' title='bbox 402 3930 613 4009; x_wconf 88' lang='lat' dir='ltr'><strong>interpolatum</strong></span> <span class='ocrx_word' id='word_1_331' title='bbox 645 3948 710 3991; x_wconf 88' lang='lat' dir='ltr'><strong>esse</strong></span> <span class='ocrx_word' id='word_1_332' title='bbox 743 3931 862 3990; x_wconf 93' lang='lat' dir='ltr'><strong>nomine</strong></span> <span class='ocrx_word' id='word_1_333' title='bbox 898 3930 1056 4002; x_wconf 82' lang='grc' dir='ltr'><strong><em>Φοίνικος</em></strong></span> <span class='ocrx_word' id='word_1_334' title='bbox 1089 3931 1118 3990; x_wconf 90' lang='lat' dir='ltr'><strong>in</strong></span> <span class='ocrx_word' id='word_1_335' title='bbox 1151 3927 1248 3988; x_wconf 88' lang='lat' dir='ltr'><strong>locum</strong></span> <span class='ocrx_word' id='word_1_336' title='bbox 1279 3927 1354 3990; x_wconf 90' lang='lat' dir='ltr'><strong>alius</strong></span> 
     </span>
     <span class='ocr_line' id='line_1_38' title="bbox 184 4024 1353 4109; baseline -0.002 -20"><span class='ocrx_word' id='word_1_337' title='bbox 184 4030 320 4092; x_wconf 87' lang='lat' dir='ltr'><strong>vocabuli</strong></span> <span class='ocrx_word' id='word_1_338' title='bbox 347 4047 488 4109; x_wconf 84' lang='lat' dir='ltr'><strong>perverse</strong></span> <span class='ocrx_word' id='word_1_339' title='bbox 517 4029 679 4090; x_wconf 90' lang='lat' dir='ltr'><strong>substituto</strong></span> <span class='ocrx_word' id='word_1_340' title='bbox 707 4031 842 4106; x_wconf 64' lang='lat' dir='ltr'><strong>appareti</strong></span> <span class='ocrx_word' id='word_1_341' title='bbox 870 4028 941 4107; x_wconf 90' lang='lat' dir='ltr'><strong>quid</strong></span> <span class='ocrx_word' id='word_1_342' title='bbox 968 4030 1047 4088; x_wconf 90' lang='lat' dir='ltr'><strong>enirn</strong></span> <span class='ocrx_word' id='word_1_343' title='bbox 1071 4028 1189 4086; x_wconf 81' lang='lat' dir='ltr'><strong>Aiacem</strong></span> <span class='ocrx_word' id='word_1_344' title='bbox 1212 4024 1353 4087; x_wconf 88' lang='lat' dir='ltr'><strong>Phoenici</strong></span> 
     </span>
     <span class='ocr_line' id='line_1_39' title="bbox 181 4121 1353 4208; baseline -0.003 -20"><span class='ocrx_word' id='word_1_345' title='bbox 181 4129 327 4208; x_wconf 89' lang='lat' dir='ltr'><strong>adnuere,</strong></span> <span class='ocrx_word' id='word_1_346' title='bbox 358 4137 391 4187; x_wconf 97' lang='lat' dir='ltr'><strong>ut</strong></span> <span class='ocrx_word' id='word_1_347' title='bbox 419 4126 538 4207; x_wconf 81' lang='lat' dir='ltr'><strong>Ulysses</strong></span> <span class='ocrx_word' id='word_1_348' title='bbox 567 4126 655 4187; x_wconf 87' lang='lat' dir='ltr'><strong>rerba</strong></span> <span class='ocrx_word' id='word_1_349' title='bbox 686 4121 818 4186; x_wconf 82' lang='lat' dir='ltr'><strong>iaceret?</strong></span> <span class='ocrx_word' id='word_1_350' title='bbox 864 4125 941 4186; x_wconf 90' lang='lat' dir='ltr'><strong>llaec</strong></span> <span class='ocrx_word' id='word_1_351' title='bbox 972 4131 1070 4184; x_wconf 87' lang='lat' dir='ltr'><strong>autem</strong></span> <span class='ocrx_word' id='word_1_352' title='bbox 1101 4122 1289 4200; x_wconf 89' lang='lat' dir='ltr'><strong>interpolatio</strong></span> <span class='ocrx_word' id='word_1_353' title='bbox 1317 4143 1353 4184; x_wconf 90' lang='lat' dir='ltr'><strong>eo</strong></span> 
     </span>
     <span class='ocr_line' id='line_1_40' title="bbox 181 4220 1412 4304; baseline -0.003 -18"><span class='ocrx_word' id='word_1_354' title='bbox 181 4236 316 4304; x_wconf 91' lang='lat' dir='ltr'><strong>tempore</strong></span> <span class='ocrx_word' id='word_1_355' title='bbox 340 4224 419 4286; x_wconf 80' lang='lat' dir='ltr'><strong>illata</strong></span> <span class='ocrx_word' id='word_1_356' title='bbox 442 4243 508 4285; x_wconf 88' lang='lat' dir='ltr'><strong>esse</strong></span> <span class='ocrx_word' id='word_1_357' title='bbox 528 4224 657 4304; x_wconf 87' lang='lat' dir='ltr'><strong>videtur,</strong></span> <span class='ocrx_word' id='word_1_358' title='bbox 682 4242 740 4302; x_wconf 89' lang='lat' dir='ltr'><strong>quo</strong></span> <span class='ocrx_word' id='word_1_359' title='bbox 764 4222 859 4283; x_wconf 89' lang='lat' dir='ltr'><strong>dualis</strong></span> <span class='ocrx_word' id='word_1_360' title='bbox 883 4241 950 4282; x_wconf 91' lang='lat' dir='ltr'><strong>cum</strong></span> <span class='ocrx_word' id='word_1_361' title='bbox 974 4220 1079 4300; x_wconf 91' lang='lat' dir='ltr'><strong>plurali</strong></span> <span class='ocrx_word' id='word_1_362' title='bbox 1101 4222 1210 4281; x_wconf 88' lang='lat' dir='ltr'><strong>mutari</strong></span> <span class='ocrx_word' id='word_1_363' title='bbox 1229 4230 1352 4300; x_wconf 90' lang='lat' dir='ltr'><strong>coeptus</strong></span> <span class='ocrx_word' id='word_1_364' title='bbox 1408 4266 1412 4274; x_wconf 85' lang='lat'>.</span> 
     </span>
     <span class='ocr_line' id='line_1_41' title="bbox 180 4314 1351 4404; baseline -0.002 -19"><span class='ocrx_word' id='word_1_365' title='bbox 180 4331 259 4404; x_wconf 87' lang='lat' dir='ltr'><strong>erat,</strong></span> <span class='ocrx_word' id='word_1_366' title='bbox 290 4326 377 4384; x_wconf 88' lang='lat' dir='ltr'><strong>cuius</strong></span> <span class='ocrx_word' id='word_1_367' title='bbox 404 4341 476 4385; x_wconf 89' lang='lat' dir='ltr'><strong>usus</strong></span> <span class='ocrx_word' id='word_1_368' title='bbox 507 4324 559 4402; x_wconf 91' lang='lat' dir='ltr'><strong>qui</strong></span> <span class='ocrx_word' id='word_1_369' title='bbox 586 4340 622 4382; x_wconf 92' lang='lat' dir='ltr'><strong>ex</strong></span> <span class='ocrx_word' id='word_1_370' title='bbox 650 4320 778 4382; x_wconf 89' lang='lat' dir='ltr'><strong>Homero</strong></span> <span class='ocrx_word' id='word_1_371' title='bbox 806 4314 864 4382; x_wconf 83' lang='lat' dir='ltr'><strong>loci</strong></span> <span class='ocrx_word' id='word_1_372' title='bbox 892 4314 939 4402; x_wconf 86' lang='grc' dir='ltr'><strong>(Α</strong></span> <span class='ocrx_word' id='word_1_373' title='bbox 961 4315 1035 4379; x_wconf 79' lang='lat'>567.</span> <span class='ocrx_word' id='word_1_374' title='bbox 1065 4320 1098 4378; x_wconf 92' lang='grc' dir='ltr'><em>Δ</em></span> <span class='ocrx_word' id='word_1_375' title='bbox 1120 4315 1193 4379; x_wconf 84' lang='grc'><strong>401.</strong></span> <span class='ocrx_word' id='word_1_376' title='bbox 1225 4319 1351 4383; x_wconf 75' lang='grc'><strong>11481,</strong></span> 
     </span>
    </p>

    <p class='ocr_par' dir='ltr' id='par_1_7' title="bbox 118 4411 1351 4502">
     <span class='ocr_line' id='line_1_42' title="bbox 118 4411 1351 4502; baseline 0 -22"><span class='ocrx_word' id='word_1_377' title='bbox 118 4413 137 4446; x_wconf 71' lang='lat'><em>⁶</em></span> <span class='ocrx_word' id='word_1_378' title='bbox 180 4422 209 4480; x_wconf 78' lang='grc' dir='ltr'>Θ</span> <span class='ocrx_word' id='word_1_379' title='bbox 239 4417 432 4484; x_wconf 89' lang='grc'><strong>186-191.</strong></span> <span class='ocrx_word' id='word_1_380' title='bbox 460 4416 534 4481; x_wconf 77' lang='grc'><strong>405.</strong></span> <span class='ocrx_word' id='word_1_381' title='bbox 566 4411 699 4502; x_wconf 83' lang='grc' dir='ltr'><strong>Τ205)</strong></span> <span class='ocrx_word' id='word_1_382' title='bbox 728 4419 905 4498; x_wconf 79' lang='lat' dir='ltr'><strong>afferuntur,</strong></span> <span class='ocrx_word' id='word_1_383' title='bbox 937 4417 1023 4477; x_wconf 88' lang='lat' dir='ltr'><strong>aliam</strong></span> <span class='ocrx_word' id='word_1_384' title='bbox 1051 4416 1275 4496; x_wconf 85' lang='lat' dir='ltr'><strong>explicationem</strong></span> <span class='ocrx_word' id='word_1_385' title='bbox 1303 4420 1351 4480; x_wconf 85' lang='lat' dir='ltr'><strong>ad-</strong></span> 
     </span>
    </p>
   </div>
   <div class='ocr_carea' id='block_1_4' title="bbox 0 0 1642 5090">
    <p class='ocr_par' dir='ltr' id='par_1_8' title="bbox 0 0 1642 5090">
     <span class='ocr_line' id='line_1_43' title="bbox 0 0 1642 5090; baseline 0 5"><span class='ocrx_word' id='word_1_386' title='bbox 0 0 1642 5090; x_wconf 95' lang='lat' dir='ltr'><strong> </strong></span> 
     </span>
    </p>
   </div>
  </div>
 </body>
</html>
