3276 5090
660 427 877 490 ...13¹-

181 601 261 646 nunc
288 587 376 646 mitto
405 595 434 646 et
462 590 621 667 acquiesco
649 591 680 648 in
704 589 866 651 Hermanni
891 593 984 670 ipsius
1008 597 1153 654 sententia
1178 595 1356 675 paulopost

179 700 243 760 pag.
273 679 316 744 68
345 682 410 744 illos
440 703 544 746 versus
570 686 600 746 Θ
630 683 735 748 1-51
766 689 854 748 etiarn
882 681 973 750 in‘eo
997 709 1056 769 quo
1081 709 1160 753 nunc
1184 692 1355 772 legerentur

180 778 247 839 loco
271 789 352 841 recte
376 784 489 861 positos
513 801 578 843 esse
602 786 763 844 censentis.

268 877 376 938 Paucis
394 879 540 959 defungar
554 879 735 942 Lachmanni
754 885 909 964 sententia,
929 905 1016 965 quam
1036 904 1132 965 nuper
1146 889 1211 948 eius
1226 891 1355 968 armiger

178 973 379 1037 Beniclrenius
398 977 494 1038 lusius
514 997 601 1058 quam
617 967 722 1041 scitlus
736 975 911 1066 delendit¹),
922 975 1166 1065 Ἀγαμέμνονος
1180 976 1353 1067 ἀριστείαν

181 1093 270 1135 versu
301 1077 331 1135 A
359 1073 422 1136 557
452 1078 622 1155 importune
650 1079 788 1158 abrumpi
816 1089 847 1139 et
874 1080 942 1142 olim
967 1080 1049 1142 illum
1073 1100 1192 1143 versum
1216 1083 1353 1146 versibus

181 1161 411 1238 Stoa-siti
436 1175 642 1236 continuatum
666 1194 731 1236 esse
755 1180 906 1238 censentis
929 1177 985 1239 lroc
1009 1180 1096 1241 modo

266 1279 313 1362 ιδς
332 1289 421 1361 Ἀίας
442 1279 512 1349 τότ’
539 1281 604 1350 ἀπὸ
633 1283 758 1368 Τρώων
780 1273 971 1372 τετιημένος
993 1280 1075 1376 ἦτορ
1232 1297 1263 1358 Λ
1286 1296 1352 1360 556

265 1377 338 1464 ἤιε,
362 1376 458 1447 πόλλ’
483 1376 627 1447 irtaco·
650 1383 724 1468 ντερλ
747 1381 812 1470 γὰρ
837 1387 886 1450 δίε
905 1385 1027 1470 νηυσὶν
1049 1383 1197 1472 Ἀχαιῶν,

265 1485 412 1557 Αἴαντος
435 1477 472 1544 δὲ
495 1481 625 1564 πρῶτος
648 1475 803 1548 ἀκόντισε
826 1486 985 1569 φαίδιμος
1000 1479 1128 1569 Ἕκτωρ
1235 1489 1351 1562 Ξ402

266 1579 371 1662 ἔγχει,
396 1576 464 1642 ἐπεὶ
488 1578 647 1663 τέτραπτο
671 1575 755 1663 πρὸς
778 1578 840 1646 ἰθύ
862 1587 918 1648 λοι
942 1577 1018 1650 οὐδ’
1045 1577 1249 1668 ἀφάμαρτεν.

173 1697 256 1757 Bene
280 1699 372 1777 eninr,
396 1697 517 1777 siquid
541 1697 641 1778 video,
664 1707 694 1760 et
716 1717 841 1778 prorsus
865 1721 899 1762 ex
924 1720 1006 1762 more
1030 1701 1152 1764 Homeri
1175 1708 1263 1767 etiam
1287 1725 1350 1766 car-

174 1813 243 1855 men
269 1786 355 1868 Διός
382 1786 510 1875 ἀπάτης
537 1797 567 1855 in
595 1797 693 1857 medio
721 1797 837 1858 fervore
865 1799 971 1879 proelii
1001 1797 1118 1862 0366
1147 1801 1350 1882 abrumpentis

175 1882 422 1973 Ἀγαμέμνονος
445 1885 595 1974 ἀριστεία
620 1913 707 1954 versu
731 1895 762 1955 A
781 1892 846 1956 595
869 1895 1027 1976 clauditur,
1051 1905 1081 1959 et
1100 1915 1204 1958 versus
1222 1919 1238 1958 a
1258 1898 1349 1960 Laeb-

173 2008 283 2050 manno
312 2009 347 2051 ex
377 1989 452 2051 libro
480 1990 595 2052 decimo
624 2001 730 2071 quarto
758 1995 787 2052 in
816 1992 925 2054 librum
954 1995 1146 2055 undecimum
1178 1999 1350 2074 transpositi

174 2087 268 2149 multo
298 2091 428 2167 aptiores
456 2097 526 2150 sunt
550 2107 585 2149 eo
609 2089 689 2171 loeo,
717 2108 775 2168 quo
804 2093 835 2150 in
859 2091 1013 2152 codicibus
1037 2100 1153 2152 exstant
1177 2101 1207 2152 et
1230 2111 1245 2152 a
1271 2102 1345 2154 vete·

172 2185 258 2247 ribus
281 2189 481 2264 grammaticis
505 2186 679 2267 legebantur
703 2207 791 2266 quam
810 2208 870 2269 quo
889 2208 904 2249 a
924 2189 1112 2250 Lachmanno
1132 2193 1249 2252 traiecti
1269 2201 1346 2252 sunt.

171 2282 236 2344 Hoc
265 2287 328 2364 ipse
352 2285 559 2347 Lachmannus
583 2286 712 2367 videbat,
736 2305 804 2348 cnm
828 2287 1048 2368 difficultatem,
1072 2307 1159 2368 quam
1185 2307 1256 2350 suae
1280 2308 1345 2352 scu-

169 2385 281 2444 tentiae
306 2383 441 2444 versibus
465 2379 496 2452 :a
516 2381 578 2443 411
605 2402 669 2462 sqq.

259 2491 319 2560 τὸν
342 2492 405 2580 μὲν
428 2488 528 2560 ἔπειτ’
553 2489 698 2560 ἀπιόντα
721 2496 822 2580 μέγας
849 2493 1061 2582 Τελαμώνιος
1084 2503 1169 2572 Alam

259 2594 442 2680 χερμαδίῳ,
466 2589 506 2656 τό
526 2591 569 2675 ῥα
592 2591 715 2678 πολλοὶ,
739 2591 858 2659 δοάων
883 2598 1004 2680 ἔχματα
1027 2593 1133 2676 νηῶν,

258 2686 326 2775 adp
349 2687 426 2756 ποσὶ
450 2689 673 2776 μαρναμένων
697 2689 903 2774 ἐκυλίνδετο,
927 2691 994 2756 τόν
1018 2691 1056 2754 ἓν
1079 2684 1193 2774 ἀείρας

259 2789 384 2872 στῆθος
405 2785 581 2872 βεβλήκειν
604 2782 687 2874 ὑπὲρ
711 2783 855 2870 ἄντυγος
877 2784 1000 2874 ἀγχόθι
1025 2788 1138 2871 δειρῆς

167 2909 268 2984 parari
286 2907 483 2988 intellegebat,
507 2907 562 2968 hac
581 2908 739 2969 artificiosa
760 2910 1003 2986 interpretatione
1023 2926 1176 2968 removere
1197 2907 1345 2970 studeret:

167 3005 238 3064 Aias
261 3005 341 3066 wirli
363 3007 449 3066 einen
474 3005 558 3066 Stein
581 3005 635 3065 aul
655 3004 774 3086 ilector,
794 3007 880 3066 einen
905 3025 961 3066 von
985 3006 1042 3066 deu
1062 3005 1266 3068 Stittzsteinen
1290 3007 1343 3066 der

167 3101 280 3162 Schilie
299 3098 418 3183 5410,
441 3103 495 3162 der
519 3102 638 3182 Schille,
662 3103 710 3163 liar
734 3102 781 3162 die
804 3102 873 3162 Aias
896 3103 1044 3165 ltirchtete
1068 3105 1099 3164 A
1123 3099 1196 3165 557.
1235 3103 1343 3165 Confer

166 3199 256 3260 sodes
284 3197 540 3280 Friedlinderum,
569 3201 616 3262 die
644 3199 837 3261 Homerische
864 3199 961 3262 ttritit
985 3219 1040 3262 von
1069 3199 1151 3260 Woll
1176 3201 1223 3262 bis
1250 3199 1341 3263 Grote

166 3315 196 3374 p.
220 3293 264 3358 40
286 3305 316 3358 et
339 3296 530 3378 Duntaerum,
553 3297 747 3362 Homerisobe
771 3298 1004 3378 Abbandlungen
1029 3317 1056 3381 p.
1075 3295 1129 3360 69.

258 3393 335 3457 Alias
373 3398 619 3475 transpositiones
651 3415 666 3456 a
700 3394 902 3476 bethmanno,
938 3397 1018 3456 Arm.
1051 3395 1205 3476 lloecblio,
1244 3395 1339 3458 Wold.

168 3490 331 3554 Ribbecltio
354 3496 522 3572 propositas
545 3502 710 3574 praetereo,
734 3497 802 3574 quia
821 3494 895 3554 mihi
913 3511 972 3554 non
992 3493 1157 3574 probantur
1176 3513 1272 3576 neque
1292 3515 1342 3558 eas

167 3589 321 3652 refellendi
350 3590 397 3652 bic
425 3591 509 3654 locus
536 3601 590 3654 est.
637 3591 738 3672 Neque
767 3594 847 3652 enim
874 3593 986 3654 infitior
1009 3591 1170 3654 Homerum
1195 3593 1334 3656 nonnulla

166 3705 203 3748 ex
227 3689 441 3750 vetustioribus
464 3689 646 3754 carminibus
670 3691 832 3769 sumpsisse
856 3709 970 3770 suoque
995 3692 1078 3770 operi
1102 3691 1265 3751 intonuisse
1284 3707 1339 3750 nec

166 3803 226 3846 uon
251 3788 348 3865 ipsum
371 3787 581 3866 progrediente
606 3807 659 3848 suo
683 3805 773 3867 opere
792 3787 847 3848 alia
865 3791 897 3848 in
916 3788 1005 3849 alium
1024 3787 1122 3847 locum
1142 3785 1338 3864 transtulisse,

165 3883 219 3946 sed
248 3884 319 3946 baec
342 3895 411 3964 post
435 3893 479 3947 tot
502 3885 619 3946 saecula
641 3904 657 3944 a
681 3884 767 3946 nobis
790 3887 962 3966 investigari
984 3903 1072 3964 posse
1096 3884 1223 3962 despero
1248 3891 1278 3944 et
1302 3883 1338 3944 ad

164 3981 243 4044 hanc
276 3990 407 4044 nostram
440 4001 542 4044 curam
575 3986 700 4044 attinere
733 4001 817 4062 nego.
864 3983 921 4044 Sed
950 3984 998 4044 de·
1020 3982 1095 4043 libro
1124 4001 1216 4061 nono,
1249 3999 1338 4060 quem

165 4089 262 4142 totum
287 4099 346 4142 non
374 4097 441 4142 eum
470 4098 559 4161 quem
587 4080 656 4142 olim
684 4080 849 4142 obtinuisse
873 4081 1024 4141 videretur
1055 4079 1153 4140 locum
1181 4082 1337 4141 innostra

163 4177 256 4240 Iliade
286 4180 365 4239 tueri
391 4178 527 4240 nonnulli
550 4177 804 4257 demonstrabant,
828 4181 995 4240 accuratius
1020 4177 1105 4238 nobis
1129 4177 1337 4239 disserendum

163 4295 231 4337 esse
255 4276 348 4338 video.

255 4433 281 4500 a)
301 4429 450 4498 Beniclren,
470 4431 525 4485 Das
545 4429 612 4486 aliie
631 4431 709 4487 Bueh
727 4431 777 4486 der
794 4430 869 4486 Ilias.
890 4435 967 4496 1872,
987 4427 1053 4482 Karl
1072 4427 1248 4484 Lachmanns
1267 4429 1345 4485 vor-v

163 4509 264 4581 aehlag
282 4511 322 4566 im
340 4511 458 4566 aehnien
477 4509 563 4567 Liada
581 4513 609 4570 a
624 4517 764 4566 toi-boi
785 4528 822 4564 an
839 4517 863 4564 Α
882 4515 932 4564 ost
953 4529 987 4564 au
1004 4509 1165 4567 subiissem.
1187 4517 1263 4567 rato.
