3306 5070
686 353 836 404 ΙΛΙΑΔΟΣ
855 352 896 402 ΙΠ

183 514 304 593 ,αὐτὰρ
328 514 347 576 δ
371 513 491 591 μακρὸν
515 510 589 578 ᾰυεε
612 514 709 580 ίάναξ
733 514 862 594 ἀνδρῶν
885 512 1104 592 Ἀγαμέμνων·

203 617 342 699 ,,ἵτχετθ’,
367 618 515 704 Ἀργεῖοι,
539 622 579 700 μὴ
606 620 750 701 βάλλετε,
774 626 883 701 κοῦροι
908 619 1057 697 Ἀχαιῶν·

204 731 327 792 ττεῦται
349 724 410 806 γάρ
433 746 462 789 τι
486 727 583 792 ferto(
606 729 726 806 Ἑερέειν
749 728 958 808 κορυθαίολος
979 725 1127 802 “Ἐκτωρ.“

292 833 337 897 ὣ(
359 830 463 912 ἔφαθζ
487 833 518 896 οδ
542 832 727 912 δ’έεχοντο
752 834 853 914 μάχηε
874 833 961 916 ἄνεῴ
985 829 1189 908 τ’έγένοντο

203 942 386 1020 ἐτευμένωα
431 939 552 1020 ιἘκτωρ
576 943 611 1004 δέ
636 939 703 1020 μετ’
725 939 951 1021 ἀμφοτέροισιν
974 937 1113 1002 ἔλειπεν·

203 1049 354 1132 ,κέκλυτέ
379 1069 449 1127 μευ,
474 1047 582 1126 Τρῶες
606 1049 656 1112 καὶ
679 1050 863 1128 έυκνήμιδεε
887 1044 1019 1124 Ἀχαιοί,

203 1158 304 1232 μῦθον
327 1152 562 1234 Ἀλεξάνδροιο,
586 1159 644 1219 τοῦ
668 1155 774 1220 εἵνεκα
797 1161 902 1220 νείκοτ
926 1152 1059 1232 ὄρωρεν.

203 1259 321 1325 άλλουτ
345 1263 402 1341 μέν
425 1262 549 1326 κέλεται
572 1263 685 1340 Τρῶα(
708 1265 759 1326 καὶ
782 1262 905 1327 πάντα(
929 1257 1073 1338 Ἀχαιούτ

202 1366 319 1447 τεύχεα
342 1365 412 1432 κάλ’
434 1365 606 1432 ἀποθέσθαι
631 1369 683 1433 ἐιτλ
707 1370 798 1449 χθονί
821 1364 1068 1446 πουλυβοτείρῃ,

203 1474 302 1538 αὐτὸν
326 1472 355 1538 δ’
377 1475 414 1539 έν
437 1476 536 1556 μέετιρ
560 1475 610 1538 καὶ
633 1472 805 1556 ἀρηίφιλον
829 1476 999 1540 Μενέλαον

203 1579 292 1644 οίουτ
316 1578 396 1660 ἀμφ’
416 1579 525 1664 Ἑλένῃ
550 1581 599 1644 καλ
623 1583 751 1662 κτήματι
777 1585 849 1646 πᾶτι
873 1580 1032 1661 μάχεσθαι.

202 1685 385 1766 ὁππότεροτ
408 1687 443 1750 δέ
467 1707 501 1750 κε
525 1688 631 1771 νικήεῃ
655 1689 804 1766 κρείττων
827 1709 861 1752 τε
885 1689 1027 1765 γένηται,

202 1792 333 1872 κτήμαθ’
356 1793 441 1856 ἑλὼν
464 1793 500 1858 ἐὺ
523 1791 628 1857 πάντα
652 1795 786 1871 γυναῖκά
810 1815 844 1858 τε
868 1789 987 1858 Ἑοίκαθ
1010 1790 1148 1867 ἀγέτθω·

202 1898 233 1961 οἱ
257 1896 286 1962 δ’
308 1898 401 1963 ἄλλοι
424 1899 583 1979 φιλότητα
607 1901 658 1963 καὶ
681 1899 772 1981 ὅρκια
795 1901 888 1966 πιετὰ
910 1897 1085 1978 τάμωμεν.“

291 2005 335 2068 ὣτ
358 2003 462 2085 ἔφαθ’,
485 2007 515 2070 οἳ
540 2004 569 2069 δ’
591 2004 653 2084 ἄρα
676 2006 794 2072 πάντεε
817 2006 897 2086 ἀκὴν
920 2005 1073 2080 ἐγένοντο
1097 2005 1206 2082 τιωπῇ.
1340 2015 1374 2062 υσ

201 2116 281 2175 τοῐτι
304 2113 339 2174 δὲ
364 2114 414 2175 καὶ
438 2113 602 2190 μετέἙειπε
628 2115 706 2193 βοὴν
729 2112 850 2190 ἀγαθὸε
874 2111 1054 2178 Μενέλαοι·

202 2219 349 2296 ,κέκλυτε
374 2223 432 2283 νῦν
455 2221 505 2283 καὶ
528 2220 631 2298 έμεῑο·
664 2218 796 2299 μάλιετα
819 2219 880 2299 γὰρ
904 2216 1003 2293 ἄλγοτ
1026 2213 1124 2280 ἱκάνει
1159 2247 1165 2257 ·

201 2326 303 2403 θυμὸν
326 2323 416 2404 ἐμόν·
449 2327 580 2404 φρονέω
605 2327 639 2389 δέ
664 2327 918 2406 διακρινθήμεναι
940 2325 1001 2403 ἤδη

201 2428 363 2508 Ἀργείου(
387 2432 437 2494 καλ
459 2431 584 2510 Τρῶατ,
608 2433 678 2496 ἐπεὶ
702 2432 782 2496 κακὰ
805 2431 911 2496 πολλὰ
934 2430 1074 2493 πέπασθε

202 2533 298 2599 εἵνεκ’
321 2538 397 2616 ἐμή(
420 2537 524 2615 ἔριδοτ
549 2538 600 2601 καὶ
623 2536 834 2616 Ἀλεξάνδρου
859 2533 940 2601 ἕνεκ’
963 2533 1070 2614 ἀρχῆς.
1323 2549 1374 2596 100

201 2643 310 2722 ἡμέων
333 2641 363 2705 δ’
384 2642 557 2727 ὁπποτέρῳ
581 2643 720 2708 θάνατοε
743 2645 795 2708 καί
818 2649 913 2724 μοῖρα
935 2643 1094 2718 τέτυκται,
1242 2629 1245 2636 ⁴

201 2749 344 2827 τεθναίη·
377 2747 470 2814 ἄλλοι
493 2751 529 2812 δὲ
553 2754 760 2828 διακρινθεῖτε
783 2751 920 2829 τάχιττα.

202 2852 303 2919 οἴτετε
328 2853 424 2934 ίάρν’,
448 2856 560 2934 ἕτερον
585 2858 700 2922 λευκὸν
723 2857 835 2937 ἑτέρην
859 2859 893 2921 δὲ
918 2857 1084 2936 μέλαιναν,

203 2961 243 3045 Γῇ
265 2981 300 3024 τε
325 2961 375 3024 καὶ
398 2959 526 3046 Ἠελίῳ·
559 2963 613 3027 Διί
636 2961 665 3026 δ’
687 2963 777 3042 ἡμεῑε
800 2962 928 3042 οίτομεν
951 2961 1067 3027 ἄλλον·

202 3059 291 3132 ἄέείε
317 3068 352 3130 δὲ
376 3068 534 3149 Πριάμοιο
559 3069 640 3149 βίην,
664 3067 740 3148 ὄφρ’
763 3070 854 3149 ὅρκια
876 3069 977 3151 τάμνῃ

202 3172 313 3252 αὐτότ,
337 3173 407 3238 ἐπεί
431 3180 480 3238 λοι
503 3179 616 3239 παῖδε(
639 3175 832 3254 ὑπερφίαλοι
856 3177 912 3239 καὶ·
931 3172 1067 3250 άπιττοι,

201 3281 241 3358 μή
265 3299 311 3343 τι(
335 3279 505 3363 ὑπερβασίῃ
529 3281 610 3344 Διὸτ
633 3277 724 3358 ὅρκια
747 3283 925 3361 δηλήεηται.

202 3385 262 3448 αἰεὶ
286 3384 315 3448 δ’
338 3384 526 3464 ὁπλοτέρων
550 3384 679 3465 ἀνδρῶν
702 3389 820 3467 φρένετ
843 3387 1043 3465 ἠερέθονται·

201 3491 249 3556 οἱ(
272 3494 307 3556 δὲ
331 3493 437 3572 γέρων
460 3494 615 3576 μετέῃτιν,
639 3493 703 3571 ἅμα
727 3493 926 3573 πρόετω·καὶ
949 3493 1066 3557 ὀπίτεω

202 3599 333 3678 λεάττει,
357 3597 446 3663 ὅπωτ
471 3597 521 3677 ὄχ’
544 3598 653 3679 ἄριστα
676 3599 743 3679 μετ’
765 3599 970 3680 άμφοτέροιτι
993 3600 1150 3676 γένηται.“
1322 3613 1372 3660 110

272 3795 554 3846 85-6=H66—7
633 3796 825 3846 87=H374
902 3795 1156 3846 90-4=69-73
1235 3793 1371 3842 95-6--

202 3875 228 3924 K
241 3876 347 3924 218—9
420 3873 858 3928 95=H92.398.828...
934 3865 1262 3924 100b=2355.5228.

271 4033 337 4101 post
364 4036 398 4084 89
419 4030 482 4086 αάά.
512 4030 546 4085 0:
579 4024 648 4100 ὄφρ’
678 4034 746 4086 εἴπω
775 4027 809 4086 τά
840 4051 873 4102 με
900 4027 994 4100 θυμὸς
1023 4026 1065 4083 ἐνί
1095 4023 1229 4096 στήθεσσι
1260 4025 1371 4082 κελεύει

201 4112 245 4178 (=
261 4112 286 4164 Θ
299 4113 363 4181 349)
427 4116 461 4164 99
476 4113 592 4179 κρείσσω
613 4111 677 4165 Zen.
742 4118 775 4166 99
792 4105 904 4181 Ἀργεῖοι
924 4110 972 4164 καλ
993 4109 1088 4177 Τρῶες
1101 4109 1164 4162 Zen.
1185 4137 1219 4146 -
1238 4105 1370 4160 πέπασθε

200 4193 224 4243 Α
245 4192 304 4244 An:
323 4189 452 4246 πέποσθε
474 4189 520 4245 OD
539 4193 568 4244 et
585 4210 626 4259 γρ.
648 4193 672 4243 Α
746 4196 796 4243 109
815 4186 903 4259 ἀρχῆς
923 4188 1001 4243 οοάά.
1022 4189 1051 4240 ολ
1069 4187 1128 4242 Ara
1148 4181 1220 4254 ἄτης
1239 4187 1316 4254 Zen.‚
1336 4185 1370 4240 cf.

201 4271 270 4339 prol.
290 4289 317 4340 p.
338 4275 389 4325 ιτο
459 4277 509 4325 ιοιι
530 4265 558 4322 α’
579 4266 647 4338 ἄρνε
663 4269 741 4323 codd.
812 4275 862 4322 ιυιι
876 4265 958 4335 ἄξετε
979 4268 1051 4321 Acl)
1071 4270 1100 4320 et
1113 4267 1172 4336 Ar„
1193 4267 1265 4322 alios
1283 4263 1369 4333 ἅξαιε

202 4350 346 4419 scripsisse
365 4349 459 4420 arguit
477 4351 562 4404 schol.
583 4351 605 4402 Α
705 4355 755 4404 109
775 4348 829 4411 υίςι
858 4342 890 4410 ὃς
914 4347 983 4402 coni.
1004 4348 1115 4416 Nauck,
1139 4345 1167 4400 εἰ
1187 4349 1263 4402 malo
1284 4380 1315 4388 —
1336 4345 1368 4400 ὄλ

201 4427 289 4499 μέρισιν
309 4430 422 4499 scripsi:
440 4425 469 4483 δ’
489 4425 504 4484 ὁ
525 4427 615 4498 γέρων
635 4428 714 4484 codd.

1103 4517 1157 4569 16*
1205 4525 1209 4532 ’
