3306 5070
787 379 1029 444 -180-

409 534 576 603 Πανδόου
605 535 767 620 (Πάνθου
795 535 894 623 αοδδ.)
926 541 954 601 Ο
980 539 1054 602 522.
1084 541 1113 600 Ρ
1136 537 1167 601 9.
1194 537 1246 601 23.
1270 535 1313 600 59
1336 539 1492 602 Belrlrerus

320 640 500 719 emendavit,
530 658 565 699 ne
594 642 658 700 sine
686 643 764 700 iusta
793 657 880 699 cause
908 637 963 699 alia
992 638 1039 698 bis
1067 636 1141 698 locis
1165 639 1292 698 nominis
1316 638 1409 698 lorma
1434 640 1491 698 cir-

319 737 519 798 cumferretur
542 746 630 817 atque
655 738 687 800 Γ
707 735 779 799 146.

406 832 489 908 νοῦς
521 835 636 896 coalitis
668 834 783 897 duabus
815 833 964 894 vocalibus
997 852 1056 893 uno
1085 832 1233 912 Odysseae
1261 851 1350 895 versu
1377 854 1397 894 κ
1425 831 1493 895 240

318 932 441 1012 legitur,
470 935 522 1011 qui
551 936 623 1012 quin
650 939 810 1012 corruptus
838 935 890 1012 sit,
918 932 1056 1011 equidem
1085 949 1143 991 non
1172 930 1284 992 dubito.
1330 932 1362 992 ln
1391 929 1492 991 Iliadis

318 1047 406 1090 versu
431 1030 463 1090 Ω
492 1026 557 1092 354
584 1025 730 1113 φραδέος
759 1023 845 1092 νόου
872 1029 953 1112 ἔργα
980 1025 1129 1090 τέτυκται
1153 1029 1298 1106 digamma
1323 1029 1493 1108 neglectum

318 1127 434 1188 facilius
457 1146 545 1206 quam
569 1136 737 1189 contractas
761 1127 876 1188 vocales
900 1129 972 1189 lero.

406 1217 547 1306 χάλκευον
562 1233 592 1286 et
607 1221 623 1287 έ
637 1220 705 1300 ’ξον
719 1235 927 1305 praeterquam
941 1229 973 1286 iu
982 1226 1014 1287 Ε
1022 1223 1085 1286 387
1098 1224 1223 1303 singulis
1233 1222 1305 1285 locis
1316 1227 1490 1285 novissimo·

229 1382 232 1386 .
317 1342 384 1384 rum
401 1326 565 1384 carminum
580 1322 716 1384 lliadisB
725 1322 796 1405 490Ι
806 1322 880 1384 etK
887 1321 951 1386 373
967 1332 1115 1383 extremas
1129 1321 1254 1401 syllabas
1269 1331 1490 1384 contraxerunt.

317 1426 356 1480 nt
379 1423 551 1498 saepissime
575 1423 704 1481 nominis
727 1413 867 1501 χρύσεος
890 1430 941 1482 aut
963 1423 1058 1500 prima
1081 1417 1190 1499 syllaba
1213 1427 1349 1497 correpta
1373 1427 1491 1481 estant

318 1518 393 1578 duae
416 1521 599 1596 posteriores
622 1517 805 1579 coaluerunt.
842 1517 938 1579 Priori
957 1519 1130 1598 sententiae,
1154 1516 1183 1576 id
1203 1516 1281 1596 quod
1302 1515 1388 1578 llocci
1406 1517 1490 1600 facio,

318 1635 391 1676 usus
405 1618 605 1694 posteriorum
620 1624 775 1695 poetarum
789 1617 942 1694 epicorum
957 1615 1035 1674 lavet
1049 1607 1090 1694 (r.
1099 1611 1203 1693 LebrS,
1218 1622 1332 1692 quaest.
1344 1633 1389 1694 ep.
1399 1613 1489 1698 263),

316 1713 408 1775 altera
432 1713 547 1774 duabus
571 1714 721 1775 vocalibus
744 1715 873 1774 nominis
891 1707 1019 1796 χρυσέῳ
1043 1713 1073 1771 in
1094 1728 1262 1772 mensuram
1283 1713 1372 1773 unius
1391 1712 1490 1775 brevis

320 1810 447 1892 syllabae
467 1813 595 1873 redactis
609 1815 639 1872 iu
655 1829 742 1872 versu
759 1813 912 1872 notissimo
927 1805 1055 1894 χρυσέῳ
1071 1799 1134 1870 άνά
1151 1801 1305 1892 σκήπτρῳ
1321 1805 1488 1873 ἐλλίσσετο

320 1903 446 1984 πάντας
466 1900 618 1991 Ἀχαιούς
641 1910 773 1970 adiuvari
796 1909 921 1969 videtur.
959 1905 996 1966 Ut
1016 1907 1095 1966 enim
1114 1923 1202 1966 unam
1223 1905 1352 1969 vocalem
1372 1907 1488 1988 longam

318 2017 386 2069 aute
409 2007 539 2069 vocalem
562 2010 593 2068 in
617 2007 695 2068 thesi
718 2007 897 2086 corripiendi
922 2004 1059 2065 libertate
1083 2021 1170 2082 saepe
1194 2013 1297 2090 poetae
1319 2006 1490 2090 utebantur,

318 2109 356 2166 ita
385 2107 432 2166 vix
460 2123 602 2186 umquam
629 2108 660 2166 in
691 2104 806 2166 duabus
835 2102 984 2164 vocalibus
1013 2103 1140 2181 synizesi
1163 2099 1278 2161 coalitis
1301 2101 1376 2164 banc
1400 2105 1489 2166 liber·

299 2195 408 2264 'tatem
438 2203 494 2264 sibi
522 2205 694 2264 concessam
724 2221 789 2264 esse
817 2200 969 2281 putabant.
1016 2197 1079 2262 Sed.
1100 2200 1193 2258 satius
1216 2209 1261 2259 est
1284 2198 1340 2260 boc
1364 2201 1429 2264 loco
1452 2204 1489 2264 de

316 2304 486 2361 coniectura
506 2301 638 2362 scribere
657 2297 786 2384 χρυσέῳ
806 2289 850 2363 ἂν
864 2292 1019 2382 σκήπτρῳ
1035 2306 1065 2356 et
1080 2295 1217 2356 similiter
1232 2295 1265 2358 Γ
1275 2293 1339 2360 152
1353 2295 1488 2382 δένδρει

316 2393 478 2483 (δενδρέῳ
511 2393 612 2480 οοδδ.)
646 2391 839 2480 ἐφεζόμενοι
872 2405 902 2457 et
936 2416 955 2456 τ
988 2392 1054 2456 230
1088 2384 1133 2466 ὡς
1161 2390 1196 2454 ol
1222 2389 1358 2476 χρύσεοι
1391 2389 1489 2472 ὄντες

315 2488 442 2579 (ἐόντες
475 2491 574 2578 οοδδ.)
607 2514 762 2576 reponere.
818 2495 926 2556 Verum
959 2511 1028 2554 cum
1060 2494 1090 2552 iu
1123 2491 1275 2552 veteribus
1307 2495 1488 2557 carminibus

313 2597 438 2655 istarum
480 2593 661 2674 corripiendi
698 2594 742 2655 vel
780 2593 975 2654 contrahendi
1016 2591 1133 2651 licentia
1171 2591 1264 2651 forma
1301 2594 1332 2652 in
1370 2593 1486 2674 longam

314 2691 443 2753 vocalem
483 2694 655 2753 exeuntium
693 2691 820 2752 admissa
861 2696 954 2764 esset,
992 2697 1128 2750 auctores
1166 2705 1305 2750 versuum
1342 2690 1375 2751 Ω
1414 2691 1486 2756 101.

315 2790 342 2850 Ζ
365 2787 439 2851 220.
471 2790 506 2850 Σ
525 2788 599 2851 611.
632 2809 650 2850 τ
673 2787 717 2851 34
740 2791 827 2850 etiam
852 2789 1011 2849 accusativi
1040 2777 1184 2868 χρέσερν
1211 2794 1362 2850 contracta
1390 2790 1484 2851 lorma

313 2890 361 2948 usi
378 2879 462 2950 'sunt

402 2985 513 3046 Neutra
541 2988 572 3046 in
600 3005 637 3058 ος
664 2993 694 3045 et
721 2987 840 3046 nomina
868 2987 898 3045 in
923 3003 962 3063 ης
984 3003 1018 3057 ες
1040 3003 1078 3057 υς
1101 3005 1123 3045 ν
1145 2986 1204 3045 nisi
1227 2986 1273 3066 iis,
1297 3005 1372 3066 quos
1395 3007 1484 3068 pecu·

317 3083 419 3145 liarem
438 3085 659 3148 excusationem
679 3082 789 3143 habere
808 3101 898 3162 supra
917 3081 938 3158 ξ
954 3079 1018 3144 104
1032 3082 1197 3162 docuimus,
1216 3082 1289 3144 locis
1303 3093 1485 3146 contractam

313 3183 436 3242 formem
466 3199 627 3260 usurpasse
654 3199 714 3242 non
743 3182 894 3261 ridentur,
922 3197 979 3259 qua
1007 3178 1044 3240 de
1068 3197 1155 3242 causa
1179 3183 1365 3260 corruptelae
1389 3186 1485 3263 suspi-

313 3281 429 3340 cionem
457 3293 576 3340 movent
604 3271 685 3342 ὑπαὶ
711 3277 822 3351 δείους
845 3277 880 3338 K
900 3273 978 3359 376,
1002 3273 1152 3360 έυρρεϊος
1174 3287 1336 3360 ποταμοῖο
1361 3281 1389 3340 Ζ
1411 3279 1486 3344 508.

313 3373 342 3446 Ξ
361 3375 437 3439 433.
463 3376 491 3437 0
514 3373 588 3439 265.
615 3378 646 3439 Φ
665 3376 693 3440 1.
713 3376 746 3438 Ω
765 3373 839 3458 692,
862 3368 1011 3458 θάρσευς
1030 3376 1060 3435 Ρ
1074 3372 1149 3458 573,
1172 3366 1246 3456 ἠύτ’
1268 3369 1366 3459 ὄρεος
1384 3378 1416 3440 Γ
1431 3378 1485 3458 10,

314 3465 466 3556 εὐεργέος
488 3476 525 3536 Il
548 3473 625 3556 743,
653 3469 756 3558 σάκεα
780 3477 813 3535 Δ
837 3471 917 3553 113,
947 3466 1074 3553 στήθεα
1100 3475 1128 3534 Λ
1152 3472 1230 3554 282,
1254 3469 1334 3555 βέλη
1359 3474 1388 3535 0
1409 3474 1485 3558 444,

311 3574 424 3646 πολεῖς
447 3573 478 3633 A
502 3570 580 3652 708,
607 3574 753 3664 scalensis
784 3565 968 3656 (πελεκέας)
1001 3571 1038 3631 Ψ
1068 3567 1148 3653 581,
1175 3561 1308 3651 άκληελς
1336 3573 1378 3633 Μ
1406 3572 1484 3652 318,

313 3667 471 3750 ζαχρειῶν
496 3671 527 3732 Ε
544 3667 620 3752 525,
641 3665 793 3754 ’ζαχρηεῖς
813 3671 854 3731 Μ
869 3667 943 3732 347.
967 3665 1040 3731 360.
1065 3669 1102 3729 Ν
1119 3667 1194 3750 684,
1217 3688 1292 3749 quae
1315 3679 1366 3731 aut
1385 3690 1484 3734 emen·

312 3767 378 3828 data
402 3770 432 3828 in
458 3777 541 3829 textu
564 3771 740 3848 scripsimus
763 3777 814 3828 aut
837 3767 984 3846 quomodo
1008 3767 1190 3828 emendanda
1211 3778 1319 3848 essent,
1343 3771 1374 3828 in
1393 3769 1482 3831 adno-

313 3865 474 3926 tationibus
497 3868 676 3928 monuimus.
718 3867 794 3926 Ante
818 3862 948 3926 vocalem
973 3883 1042 3924 vcro
1066 3864 1153 3925 elisas
1177 3867 1286 3926 lormas
1310 3861 1481 3930 δυσκλεάέ

303 3955 424 4042 ’Ἁρχος
448 3963 475 4023 Β
501 3961 576 4026 115.
599 3963 621 4025 I
642 3961 696 4044 22,
720 3953 848 4026 άκλελά
875 3959 910 4023 ἐκ
933 3960 955 4023 δ
979 3959 1052 4042 728,
1074 3956 1180 4024 κλέάέ
1206 3955 1344 4042 ἀνδρῶν
1366 3965 1388 4024 Ι
1411 3963 1485 4027 189.

311 4056 378 4122 520
401 4077 468 4122 cum
493 4059 624 4123 Nauckio
648 4063 808 4122 restituere
832 4077 920 4139 quam
944 4059 1081 4120 codicum
1105 4049 1430 4124 Ιοιῑίοοειυδνσκλέα
1454 4073 1483 4124 et

310 4153 388 4221 κλέα
412 4176 576 4238 propagare
600 4160 766 4222 maluimus.
804 4158 897 4218 Porro
920 4159 950 4217 in
974 4149 1110 4220 τοσαῦτ’
1133 4157 1205 4219 ἔτεα
1224 4159 1252 4218 Β
1270 4155 1345 4240 328,
1368 4153 1480 4240 χέονσ’

311 4256 389 4318 ἔπεα
413 4256 446 4317 Χ
466 4255 522 4338 81,
550 4248 725 4340 φωνήσασ’
758 4255 837 4318 ἔπεα
859 4249 1039 4337 πτερόεντα
1064 4255 1093 4316 0
1115 4253 1167 4318 35.
1191 4253 1242 4318 89.
1267 4253 1341 4319 145.
1363 4256 1386 4336 β
1408 4257 1482 4322 269.

311 4373 326 4414 ε
351 4352 425 4418 117.
452 4375 474 4435 η
498 4352 572 4419 236.
599 4360 626 4418 o
648 4355 722 4420 442.
750 4353 825 4418 460.
848 4375 870 4417 ν
892 4351 966 4417 290.
990 4363 1015 4430 ψ
1040 4353 1083 4418 34
1108 4363 1209 4416 utrum
1232 4363 1318 4434 poeta
1333 4355 1483 4436 .digamnri

311 4451 513 4514 delitescentis
532 4457 591 4515 vim
611 4455 773 4534 neglexerit
787 4471 823 4514 an
839 4451 955 4514 vocales
970 4455 1152 4516 contraxerit
1165 4472 1202 4514 an
1217 4453 1303 4514 aliter
1317 4457 1482 4518 orationem
