3276 5090
748 417 964 480 ,14-

363 583 383 660 §
409 580 458 644 10.
505 581 723 660 Lachmannus‚
752 581 831 640 lletr.
855 577 898 640 86
922 579 1083 640 Homerum
1111 579 1209 654 ipsum
1233 575 1447 654 antestahatur‚

275 689 308 742 ut
338 681 458 740 Homeri
490 682 620 740 carmina
653 680 722 739 olim
755 678 840 737 aliter
871 686 959 756 atque
992 697 1008 736 a
1037 675 1192 738 Pisistrato
1225 674 1334 736 iactum
1368 683 1447 734 esset

275 779 388 857 digesta
415 787 445 838 et
472 777 676 858 Πρεσβειάν,
705 794 779 856 quae
808 791 887 835 nunc
916 773 991 834 lihro
1020 793 1098 834 nono
1128 775 1348 851 contineretur,
1379 781 1447 850 post

275 875 382 936 librum
412 876 442 934 Λ
475 876 520 935 rel
551 879 650 955 potius
683 883 750 954 post
782 871 874 932 libros
902 871 1007 932 A-o
1038 875 1164 951 positam
1197 890 1263 931 esse
1293 870 1447 950 probaret3

275 972 354 1032 hunc
379 975 456 1032 enim
480 974 614 1033 ordinem
638 974 803 1033 carminum
821 988 838 1030 a
857 968 980 1030 Thetide
1000 971 1161 1049 significari
1181 986 1324 1030 summam
1345 983 1445 1028 rerum

274 1078 424 1148 gestarum
449 1070 584 1131 versibus
608 1071 643 1130 Σ
662 1067 728 1130 444
752 1087 815 1148 sqq.
839 1071 880 1127 ita
904 1068 1182 1147 comprehendente,
1205 1077 1354 1146 tamquam
1378 1073 1445 1125 ante

275 1169 451 1246 legationem
471 1177 639 1247 susceptam
655 1167 759 1228 Achivi
777 1170 856 1228 inter
876 1183 964 1226 naves
983 1166 1127 1244 compulsi
1147 1167 1282 1242 luissent,
1297 1171 1326 1224 et
1346 1165 1445 1223 statim

275 1274 342 1344 post
366 1265 542 1345 legationem
565 1253 736 1327 frustratam
754 1263 908 1326 Patroclus
932 1267 1022 1326 armis
1040 1263 1162 1326 Achillis
1185 1263 1307 1323 indutus
1326 1260 1446 1322 Achivis

276 1361 385 1422 auxilio
409 1365 552 1424 venisset:
1163 1415 1166 1423 ι

364 1472 493 1559 κούρην
515 1469 558 1558 ἢν
581 1471 647 1559 ἄρα
669 1479 725 1539 λοι
747 1473 846 1558 γέρας
869 1473 982 1552 ἔξελον
1004 1465 1074 1550 vles
1094 1469 1248 1557 Ἀχαιῶν,

364 1568 427 1654 τὴν
451 1565 498 1650 ἂψ
522 1571 558 1636 ἐκ
580 1573 699 1656 χειρῶν
724 1571 815 1637 ἕλετο
840 1575 960 1656 κρείων
981 1567 1204 1656 Ἀγαμέμνων.

362 1661 383 1752 ἦ
407 1692 459 1734 τοι
483 1663 501 1734 ὃ
524 1670 583 1752 τῆς
605 1664 714 1753 ἀχέων
737 1663 862 1754 φρένας
886 1671 1018 1752 ἔφθιεν·
1043 1664 1148 1754 αὐτὰρ
1169 1664 1319 1750 Ἀχαιούς

368 1768 477 1852 Τρῶες
500 1765 552 1832 ἐπὶ
577 1764 770 1852 πρύμνῃσιν
794 1766 955 1847 testator,
980 1761 1060 1832 οὐδὲ
1083 1763 1209 1850 θύραζε

365 1871 443 1930 είων
467 1863 596 1942 ἐξιέναι.
628 1861 688 1930 τὸν
713 1861 750 1929 δὲ
773 1866 929 1929 λίσσοντο
953 1864 1105 1948 γέροντες

361 1959 517 2046 Ἀργείων
540 1959 595 2026 καὶ
618 1956 724 2027 πολλὰ
747 1965 925 2046 ιιερίκλυια
949 1957 1030 2047 δῶρ’
1056 1958 1231 2046 ὀνόμαζον.

366 2056 440 2126 ἔνθ’
467 2055 567 2136 αὐτὸς
590 2056 651 2142 niv
675 2054 774 2124 ἔπειτ’
799 2054 955 2143 ἠναίνετο
979 2055 1096 2142 λοιχόν
1115 2054 1256 2142 ἀμῦναι,

364 2152 469 2240 αὐτὰρ
493 2152 512 2223 ὃ
537 2154 736 2241 Πάτροκλον
759 2155 834 2241 περὶ
857 2152 918 2239 μὲν
941 2152 980 2221 τὰ
1004 2151 1048 2220 λὰ
1072 2153 1189 2240 τεύχεα
1211 2155 1343 2219 λέσσεν·

276 2286 445 2345 confirmari
474 2303 543 2346 vero
566 2287 642 2346 hanc
666 2303 767 2344 rernm
790 2286 897 2344 seriem
922 2287 1054 2344 oratione
1078 2285 1305 2363 Agamemnonis
1332 2282 1362 2343 Τ
1385 2277 1449 2342 140

365 2407 457 2489 δῶρα
481 2400 513 2470 d'
540 2401 626 2488 ἐγὼν
650 2400 708 2470 ὅδε
731 2401 839 2468 πάντα
861 2403 1088 2489 παρασχέμεν,
1112 2399 1197 2470 ὅσσα
1218 2428 1270 2469 τοι
1295 2401 1405 2468 ἐλθών

364 2498 477 2586 χθιζὸς
500 2501 551 2567 ἐνὶ
573 2505 742 2588 κλισίῃσιν
765 2495 923 2585 ὑπέσχετο
947 2503 1020 2577 δῖος
1041 2497 1234 2584 Ὀδυσσεύς,

275 2631 423 2710 siquidem
450 2633 481 2690 iu
512 2640 613 2691 nostra
637 2630 726 2690 lliade
755 2629 864 2690 nudius
892 2633 999 2691 tertius
1023 2631 1112 2709 legati
1135 2631 1170 2690 ad
1194 2627 1337 2690 Achillem
1363 2630 1445 2687 missi

180 2773 182 2776 -
276 2737 383 2789 essent.
434 2728 472 2786 at
505 2728 568 2788 vide
598 2746 634 2788 ne
667 2729 802 2787 acumine
831 2729 941 2805 ingenii
968 2727 1081 2789 abusus
1105 2731 1144 2788 sit
1169 2729 1212 2786 vir
1236 2728 1447 2805 sagacissimus

276 2827 424 2904 nimiaque
455 2829 623 2887 morositate
653 2825 867 2905 neglegentiam
896 2833 999 2904 poetae
1024 2828 1222 2904 exagitaverit.
1274 2823 1345 2884 Nam
1376 2830 1449 2883 uta

276 2924 407 2984 secundo
434 2922 499 2983 loco
527 2924 639 3003 ordiar,
667 2927 755 2984 etiam
784 2926 808 2982 si
839 2921 950 3001 legatos
979 2933 1046 3000 post
1069 2923 1161 2984 duces
1184 2922 1361 2982 achivorum
1386 2920 1449 2980 vul-

276 3033 394 3085 neratos
423 3032 453 3083 et
480 3025 596 3096 moenia
624 3030 790 3082 castrorum
818 3029 983 3100 expugnata
1013 3022 1048 3081 ad
1073 3009 1216 3081 Achillem
1245 3023 1351 3080 missos
1380 3037 1447 3078 esse

277 3123 381 3201 lingas,
415 3119 563 3181 subtilitas
591 3119 843 3180 Lachmannianae
878 3121 1133 3197 interpretationis
1167 3117 1301 3178 vocabuli
1333 3109 1449 3197 χθιζός

277 3217 426 3278 reicienda
446 3225 500 3278 est.
533 3217 651 3277 Etenim
672 3220 714 3276 sic
729 3235 846 3297 quoque
861 3216 1054 3278 antecedente
1071 3216 1115 3276 rel
1129 3215 1269 3276 hesterno
1284 3215 1331 3276 die
1347 3214 1448 3274 Patro-

279 3314 357 3375 clum
381 3332 449 3375 cum
473 3313 610 3374 Troianis
633 3313 801 3374 condixisse
825 3323 855 3375 et
877 3315 1031 3393 superiore
1056 3321 1152 3393 nocte,
1176 3315 1348 3392 priusquam
1369 3309 1450 3371 eubi-

278 3421 341 3473 tum
369 3413 461 3492 irent,
489 3411 601 3491 legatos
629 3414 736 3473 missos
765 3431 831 3473 esse
855 3407 905 3493 (cl.
929 3412 951 3473 I
972 3407 1046 3472 232.
1071 3405 1148 3492 too)
1178 3410 1232 3471 tihi
1260 3408 1450 3470 statuendum

276 3512 342 3570 erit.
393 3509 495 3589 ltaque
524 3508 672 3570 llomerus
701 3512 779 3570 sicut
807 3511 934 3572 maiores
962 3511 1055 3568 nostri
1084 3517 1201 3568 noctem
1230 3507 1308 3567 diem
1337 3507 1449 3567 ducere

277 3617 361 3668 ratus
388 3625 463 3686 qtree
493 3615 579 3668 nocte
608 3625 667 3667 non
697 3607 843 3688 eiusdem,
871 3607 923 3666 sed
947 3606 1149 3666 antecedentis
1173 3605 1232 3665 diei
1256 3613 1337 3684 gesta
1365 3612 1450 3664 eraut

276 3708 411 3784 proximo
446 3705 493 3765 die
526 3697 652 3788 (χθιζά)
679 3712 761 3782 gesta
789 3705 899 3766 dixisse
929 3704 1141 3765 existimandus
1170 3710 1215 3763 est
1243 3719 1382 3780 prorsus,
1417 3710 1451 3761 nt

277 3811 377 3882 poeta,
415 3821 553 3882 securus,
586 3812 686 3863 utrum
719 3810 787 3862 ante
819 3820 856 3862 au
890 3811 956 3880 post
990 3801 1114 3862 mediam
1149 3811 1267 3861 noctem
1290 3799 1386 3878 ‚legari
1419 3801 1451 3858 iu

278 3899 399 3962 Achillis
423 3903 583 3963 tentorium
609 3902 767 3980 venissent,
791 3900 820 3960 id
844 3899 923 3979 quod
948 3900 1113 3959 rectissime
1132 3901 1190 3959 iam
1210 3895 1367 3958 scholiasta
1386 3896 1457 3980 cod.¹

278 3999 347 4059 Ven.
372 3998 394 4058 B
419 4000 576 4060 adnotavit.
618 3992 689 4058 Post
711 3996 819 4058 librum
844 3996 1033 4058 undecimum
1056 4015 1126 4057 vero
1151 3993 1350 4076 Πρεσβείαν,
1374 4009 1451 4072 qnae

278 4097 397 4176 quidem
435 4095 520 4158 nohis
554 4102 668 4156 serrata
702 4104 760 4175 est,
794 4113 904 4173 ponere
938 4093 1011 4154 rrrrlli
1044 4113 1139 4174 neque
1173 4092 1320 4171 rhapsodo
1353 4109 1450 4170 neque

278 4198 468 4271 grammatico
498 4197 553 4254 nisi
583 4196 634 4274 qui
659 4196 732 4253 recti
757 4211 844 4253 sensu
870 4193 955 4272 plane
980 4191 1112 4272 carebat,
1142 4193 1171 4252 iu
1196 4199 1324 4251 mentem
1349 4191 1451 4249 venire

278 4294 383 4370 potuit.
430 4294 538 4370 Aperte
563 4295 641 4352 enim
665 4309 714 4351 res
738 4293 766 4352 in
791 4288 867 4350 libro
893 4308 971 4351 nono
995 4289 1103 4350 relatae
1127 4289 1235 4348 docent
1258 4305 1354 4364 neqtte
1379 4287 1452 4364 Aga·

279 4405 465 4448 memnonem
494 4390 599 4452 ducem
629 4397 692 4450 tum
722 4388 907 4449 vulneratum
939 4407 1035 4468 neque
1064 4396 1230 4448 castrorum
1258 4387 1372 4448 moenia
1402 4403 1451 4444 ex-

278 4497 408 4567 pugnata
431 4488 530 4549 luisse.
571 4487 673 4567 Neque
698 4486 787 4548 huius
810 4486 1009 4548 conclusionis
1033 4487 1240 4546 necessitatem
1261 4486 1301 4543 ita
1321 4483 1451 4560 eilugere
