3174 5090
599 377 750 428 ΙΑΙΔΔΟΣ
769 378 832 427 XIX

131 534 252 620 καλάς,
276 533 492 622 ἀργυρέοισιν
515 537 725 622 ἐπισφυρίοις
748 531 924 624 ἀραρυίας·

132 641 293 728 δεύτερον
318 635 361 708 αὖ
384 641 524 727 θιόρηκα
548 642 622 727 περί
646 640 831 728 στήθεσσιν
854 645 982 710 έδννεν.

131 744 221 833 ἀμφὶ
245 745 280 823 δῖ
302 745 356 834 ἀρ’
383 746 525 834 ὤμοισιν
548 747 667 833 βάλετο
692 752 787 835 ξίφος
809 745 1021 836 ἀργυρόηλον

129 853 285 940 χάλκεον·
319 852 425 940 αότάρ
449 859 558 922 ἔπειτα
582 852 684 934 σάκος
706 855 790 941 μέγα
811 879 846 922 τε
870 855 1031 943 στιβαρόν
1053 883 1089 924 τε

132 964 254 1046 εἵλετο,
278 965 338 1028 τοῦ
363 959 395 1027 δ’
423 957 594 1029 ἀπάνευθε
618 962 715 1040 σέλας
736 959 841 1047 γένετ’
867 958 948 1048 ἠύτε
971 963 1087 1050 μήνης.

132 1064 179 1147 ὥς
203 1065 234 1135 δ’
261 1063 309 1134 ὅτ’
336 1062 380 1135 ἀν
404 1069 438 1134 ἐκ
462 1065 599 1135 πόντοιο
623 1069 719 1148 σέλας
742 1066 885 1156 ναότησι
909 1075 1030 1157 φανείη
1249 1088 1301 1137 373

131 1175 325 1260 καιομένοιο
350 1172 469 1259 πυρός·
501 1172 538 1240 τὸ
564 1173 601 1241 δὲ
624 1179 751 1256 καίεται
774 1171 881 1254 ὑψόθ’
908 1172 1048 1261 ὄρεσφιν

130 1283 270 1371 σταθμῷ
295 1282 331 1347 ἐν
355 1279 513 1371 οἰοπόλῳ·
547 1278 625 1361 τοὺς
648 1277 679 1347 δ’
706 1277 768 1349 οόκ
792 1280 971 1360 ἐθέλοντας
995 1278 1131 1348 ἀίελλαι

129 1385 258 1455 πόντον
280 1385 331 1454 ἐπ’
358 1386 538 1473 ἰχθυόεντα
562 1392 671 1474 φίλων
695 1384 866 1454 ἀπάνευθε
889 1388 1065 1474 φέρουσιν·

130 1488 177 1571 δός
200 1488 257 1559 ἀπ’
281 1491 450 1579 Ἀχιλλῆος
472 1493 590 1572 σάκεος
613 1494 710 1572 σέλας
733 1491 844 1580 αἰθέρ’
870 1497 985 1561 ἵκανεν

129 1603 236 1666 καλοῦ
260 1601 448 1666 δαιδαλέου.
494 1599 568 1686 περὶ
593 1599 629 1666 δὲ
652 1599 858 1685 τρυφάλειαν
881 1598 995 1686 ἀείρας

130 1706 227 1793 κρατί
250 1707 330 1773 θέτο
353 1704 510 1792 βριαρήν·
543 1700 564 1791 ἣ
589 1701 621 1770 δ’
647 1702 751 1792 ἀστὴρ
776 1703 820 1786 ἀς
843 1702 1050 1791 ἀπέλαμπεν,

130 1816 288 1900 ἵππουρις
310 1810 509 1899 τρυφάλεια,
530 1815 759 1898 περισσείοντο
784 1810 815 1880 δ’
842 1817 971 1898 ἔθειραι

130 1917 284 2005 χρύσεαι,
307 1913 348 1996 ἀς
362 1915 546 2004 Ἥφαιστος
568 1921 612 1985 ἵει
635 1917 744 2004 λόφον
768 1915 854 2004 ἀμφὶ
878 1923 1027 2003 θαμείας.

130 2026 274 2112 πειρήθη
299 2023 336 2092 δέ
358 2026 409 2093 λέ
435 2023 539 2092 αὐτοῦ
563 2027 600 2092 έν
623 2029 731 2092 ἔντεσι
755 2029 827 2104 δῖος
847 2022 1027 2112 Ἀχιλλεύς,

131 2137 160 2198 εἰ
180 2140 237 2198 ίοι
260 2131 480 2218 ἐφαρμόσσειε
502 2131 558 2198 καί
582 2133 730 2219 ἐντρέχοι
752 2127 860 2217 άγλαά
884 2145 982 2216 γυῖα,

130 2241 176 2328 τῷ
202 2234 233 2303 δ’
260 2229 338 2323 ηὖτε
362 2236 462 2324 πιερά
486 2236 602 2324 γίνετ’,
626 2237 716 2325 ἄειρε
740 2239 777 2306 δὲ
800 2238 942 2325 ποιμένα
965 2241 1065 2305 λαῶν.

131 2345 167 2410 ἐκ
191 2341 223 2410 δ’
249 2341 315 2430 ἀρα
339 2343 496 2431 σύριγγος
519 2343 688 2433 πατρώιον
712 2343 868 2412 ἐσπάσατ’
896 2350 1006 2432 ἐγχος,

130 2447 234 2534 βριθὺ
258 2452 340 2536 μέγα
364 2450 537 2537 στιβαρόν·
569 2449 606 2520 τὸ
631 2452 692 2538 μὲν
717 2450 759 2520 ori
783 2448 899 2519 δύνατ’
926 2449 1026 2530 ἀλλος
1045 2445 1187 2535 Ἀχαιῶν

130 2555 284 2640 πάλλειν,
308 2554 392 2624 ἀλλά
415 2585 474 2644 μιν
499 2555 569 2638 οἰος
593 2561 745 2627 ἐπίστατο
768 2562 871 2645 πῆλαι
891 2556 1072 2644 Ἀχιλλεύς,

135 2661 291 2748 Πηλιάδα
314 2669 447 2750 μελίην,
471 2664 533 2751 τὴν
556 2665 654 2752 πατρὶ
677 2669 766 2754 φίλῳ
790 2665 871 2752 τάμε
897 2671 1026 2752 Χείρων
1245 2683 1298 2731 990

133 2775 264 2856 Πηλίου
287 2771 322 2838 ἐκ
345 2775 511 2858 κορυφῆς,
534 2772 643 2858 φόνον
666 2777 803 2859 ἔμμεναι
826 2771 1002 2859 ἡρώεσσιν.

131 2878 251 2955 ἵππους
275 2871 306 2943 δ’
333 2872 538 2964 Αὐτομέδων
561 2905 595 2946 τε
618 2879 673 2944 καί
688 2876 845 2966 Ἀλκιμος
867 2877 1090 2965 ἀμφιέποντες

132 2981 305 3067 ζεύγνυον·
338 2979 425 3069 ἀμφὶ
449 2982 485 3051 δὲ
508 2983 591 3051 καλὰ
616 2983 752 3054 λέπαδν’
779 2989 872 3072 ἔσαν,
896 2988 933 3054 ἐν
957 2985 994 3053 δέ
1017 2985 1175 3071 χαλινούς

131 3091 307 3175 γαμφηλῇς
329 3093 467 3174 ἔβαλον,
490 3089 572 3157 κατὰ
597 3088 628 3157 δ’
655 3089 733 3177 ἡνία
756 3105 869 3160 τεῖναν
893 3091 1019 3160 ὀπίσσω

132 3191 294 3280 κολλητόν
316 3196 392 3262 ποτί
418 3199 550 3281 δίφρον.
598 3193 616 3264 δ
642 3197 679 3264 δὲ
702 3196 845 3284 μάστιγα
868 3197 1012 3284 φαεινήν
1248 3214 1300 3263 393

134 3298 217 3386 χειρί
241 3297 354 3384 λαβὼν
379 3298 545 3388 ἀραρυῖαν
569 3297 622 3387 ἐφ’
648 3304 778 3370 ἵπποιιν
801 3301 989 3390 ἀνόρουσεν

136 3401 354 3491 Αὐτομέδων·
388 3405 508 3475 ὄπιθεν
532 3407 569 3475 δὲ
592 3407 842 3496 κορυσσάμενος
864 3413 907 3496 βῆ
928 3406 1109 3496 Ἀχιλλεύς,

202 3545 306 3592 sis-3
373 3543 398 3594 Γ
409 3546 514 3594 sas-5
578 3537 647 3594 3811’
662 3565 694 3584 =
711 3543 806 3594 2235.
827 3560 841 3594 ο
858 3546 908 3595 108
978 3547 1081 3595 382-3]
1098 3565 1130 3586 --
1147 3544 1174 3592 X
1185 3545 1300 3608 315-6‚

134 3617 166 3674 οἵ,
187 3619 215 3670 Σ
227 3625 276 3672 612
350 3625 402 3675 385
421 3620 450 3674 cf
467 3625 490 3674 P
502 3625 553 3674 210
627 3625 749 3675 388-91
766 3647 799 3666 =
814 3625 844 3674 Π
858 3626 961 3675 141-4
1033 3625 1084 3675 392
1105 3619 1139 3674 cs.
1158 3623 1185 3674 Ω
1199 3625 1251 3674 474

133 3696 200 3752 394¹>
215 3723 247 3743 =
267 3703 291 3752 Γ
303 3705 354 3754 261
429 3699 495 3755 395¹>
510 3727 544 3746 =
559 3705 585 3754 K
599 3705 659 3755 500,

203 3828 255 3877 374
274 3824 390 3880 damnat
409 3823 550 3878 Hermann
641 3829 692 3878 373
712 3821 852 3895 φανὴηΑ
890 3823 1035 3893 φανείηΟ
1072 3821 1211 3895 φανήηλ)

133 3909 184 3959 379
204 3899 318 3965 uniusne:
338 3903 498 3972 κεφαληςθ
571 3909 676 3958 ass—3
697 3903 805 3973 spurios
825 3905 904 3959 ducit
922 3903 1035 3973 Nauck,
1054 3905 1153 3959 dubito
1172 3921 1209 3959 sn
1226 3907 1301 3960 recte

132 3991 182 4038 983
202 3981 234 4038 δὲ
253 3979 303 4039 ίέ’
325 3983 424 4053 scripsi
449 3983 560 4038 collatis
579 3985 607 4042 Ξ
619 3989 678 4038 497.
700 3986 804 4038 0105:
831 3979 859 4037 δ’
885 3982 914 4038 ἵο
938 3982 1005 4039 Aes
1025 3984 1071 4039 Ar.
1108 3981 1137 4038 δ’
1159 3979 1209 4038 foi
1228 3985 1301 4052 Zeu.¹

132 4063 163 4119 δὲ
184 4063 214 4118 οἴ
229 4065 347 4120 Ptolem.
367 4063 474 4131 Ascsl„
493 4061 525 4118 δέ
544 4062 601 4119 fis
620 4064 731 4118 Bekker
803 4069 853 4119 385
872 4069 940 4133 γυῖα
959 4062 1065 4117 AODS:
1085 4063 1162 4131 δῶρα
1181 4063 1256 4134 Lips.

132 4151 183 4199 386
197 4135 264 4216 ηὖιε
281 4145 313 4213 Α,
333 4145 367 4199 τί.
387 4147 413 4198 Γ
426 4149 471 4199 10:
491 4135 553 4198 τότε
569 4143 624 4211 OS,
642 4135 710 4198 αόιε
725 4143 903 4198 Aristarchus
918 4143 1046 4198 secundis
1065 4143 1138 4198 curis
1152 4160 1185 4198 ex
1200 4142 1301 4198 sditio-

132 4225 211 4280 nibus
239 4219 298 4279 ἀπὸ
326 4226 383 4279 τάν
410 4223 520 4279 πόλεων
545 4223 670 4293 scripsit,
700 4217 769 4278 ὥστε
795 4221 951 4293 Αάολομλι.,
979 4223 1077 4278 dubito
1102 4241 1138 4278 an
1160 4240 1225 4278 vere

133 4311 270 4361 387-391
292 4305 379 4360 obelis
398 4305 489 4360 notati
506 4303 579 4357 ins
651 4308 703 4358 390
722 4299 791 4372 πόρε
818 4303 884 4358 Sei
905 4324 948 4372 γρ.
972 4303 1057 4357 schol.
1077 4301 1115 4370 A,
1139 4300 1208 4374 τάμε
1228 4303 1300 4358 ACD

134 4391 182 4439 391
203 4383 234 4441 ἐν
254 4386 382 4456 κορυφῇς
396 4387 441 4440 Ar.
461 4387 491 4440 ei
508 4385 534 4437 A
552 4401 638 4454 supra
655 4382 703 4438 lin.
759 4389 810 4438 392
825 4378 1038 4454 ἀμφιέποντεΟ
1094 4387 1145 4437 393
1164 4379 1301 4453 ζεύγνυον

133 4464 197 4518 Aes
208 4464 263 4533 Ar„
274 4464 325 4520 alii
335 4461 490 4534 ζεύγνυσαν
499 4461 602 4534 legisse
611 4463 742 4519 videntur
776 4468 828 4517 395
838 4463 915 4518 noti:
924 4462 1007 4532 προτί
1018 4463 1035 4517 S
1072 4467 1124 4518 393
1135 4463 1261 4519 ἵπποισιν
1271 4463 1300 4519 C.
