3280 5104
624 371 860 434 -153-

157 536 265 597 aeolica
290 553 448 615 superesse
474 555 570 614 neque
595 555 627 596 ea
652 534 726 615 sola,
756 535 806 595 sed
832 554 890 595 uua
914 555 982 596 cum
1005 537 1114 595 ceteris
1137 536 1240 596 formis
1264 555 1329 596 aeo-

158 636 228 696 licae
248 632 368 695 dialecti
386 636 519 695 revocari
539 634 661 716 debere3
681 633 908 712 vituperandum
928 634 1019 710 igitur
1038 651 1103 694 esse
1119 635 1169 712 qui
1185 634 1331 695 scriberet

156 723 334 813 πίμπλαντ’
361 724 440 794 ὄσσε
464 727 504 794 δέ
523 734 578 794 for
603 727 683 815 πυρὶ
708 724 935 813 λαμπετόωντι
953 731 1121 811 delineare,
1144 731 1330 809 probandum

157 831 252 892 solnm
282 833 334 909 qui
362 830 450 910 plene
479 829 635 905 αἰολίζειν
659 831 783 891 auderet
805 821 982 911 πίμπλαντ’
1009 821 1088 891 ὄσσε
1111 824 1151 890 de'
1171 829 1227 890 λοι
1251 827 1330 910 πυρὶ

158 921 379 1009 λαμπεπάοντι
416 927 581 990 festucae.
632 928 714 990 Hauc
752 931 928 990 sententiam
961 948 1020 989 nou
1054 929 1146 1007 magis
1178 931 1330 1008 ingeniose

158 1030 354 1107 excogitatam
377 1045 465 1105 quam
488 1026 639 1087 subtiliter
658 1027 811 1104 probatam
830 1047 899 1088 cum
918 1029 1048 1106 primum
1067 1026 1260 1107 perlegerent,
1283 1047 1330 1087 me

159 1143 283 1206 prorsus
320 1124 559 1204 obstupefactum
594 1143 659 1186 esse
693 1127 820 1204 ingenue
854 1129 960 1206 lateor3
993 1125 1043 1186 sed
1078 1144 1146 1186 cum
1180 1124 1330 1204 paullatim

159 1227 289 1284 animum
310 1241 504 1304 revocassem,
529 1224 619 1284 multa
638 1226 666 1284 ei
686 1222 804 1284 obstare
823 1231 853 1285 et
872 1224 1008 1284 cardines
1027 1224 1092 1284 eius
1111 1224 1195 1285 lacile
1215 1225 1331 1302 eliringi

161 1341 246 1402 posse
280 1324 413 1401 cognovi.
461 1322 533 1382 Nam
562 1323 752 1402 Smyrnaeus,
777 1339 903 1400 qvvorum
932 1324 1025 1382 civem
1050 1321 1211 1383 Homerum
1240 1323 1331 1383 luisse

162 1420 387 1499 locupletissimi
413 1429 518 1500 testes,
547 1428 579 1481 ut
604 1439 692 1498 supra
717 1420 737 1496 ξ
762 1418 804 1480 72
827 1423 940 1500 monui,
969 1419 1178 1501 prodiderunt,
1201 1439 1236 1480 co
1260 1429 1331 1482 tem·

162 1535 246 1598 pore,
286 1536 345 1596 quo
378 1538 488 1597 corpus
520 1518 745 1578 heniochorum
779 1521 944 1580 carminum
977 1527 1075 1580 crtum
1108 1538 1174 1580 csse
1206 1520 1332 1598 videtur,

162 1617 311 1696 digammo
335 1619 384 1676 uti
404 1617 527 1676 desiisse
552 1615 651 1676 nullas
675 1615 723 1676 ille
747 1616 889 1694 probavit.
933 1615 1078 1677 Nimirum
1103 1615 1200 1677 valent
1222 1615 1332 1695 aliquid

161 1716 194 1776 ad
229 1715 347 1794 linguae
379 1723 514 1775 naturam
548 1714 760 1776 immutandam
794 1714 914 1775 ducenti
947 1717 1032 1796 anni,
1069 1733 1144 1794 quos
1176 1717 1331 1776 minimum

160 1815 237 1873 inter
252 1811 374 1871 llomeri
389 1811 508 1872 iliadem
524 1821 553 1872 et
568 1811 737 1872 bvcbilochi
752 1810 863 1872 iambos
879 1813 1085 1873 intercessisse
1100 1812 1239 1873 iudicant.
1259 1811 1331 1873 Nam

160 1910 237 1990 ‹puod
259 1909 379 1970 l'icbius
399 1911 553 1970 Arctinum
573 1909 729 1991 Milesium,
753 1929 841 1989 quem
865 1912 959 1988 prima
979 1910 1025 1970 vel
1044 1919 1148 1990 (puncta
1168 1911 1332 1990 olympiade

161 2009 404 2070 florentissimum
432 2008 566 2068 habitum
594 2025 660 2068 esse
691 2006 1049 2087 Eusebius-Hieronymus
1072 2027 1102 2086 p.
1126 2006 1167 2068 79
1192 2008 1237 2068 ed.
1262 2007 1331 2074 Scb,

162 2109 266 2188 refert,
301 2106 394 2166 multo
422 2108 633 2186 recentiorem,
666 2124 754 2184 apuam
784 2105 870 2184 vulgo
898 2105 1033 2188 credant,
1068 2107 1159 2167 luisse
1188 2106 1275 2185 dicit,
1302 2106 1333 2166 id

161 2206 344 2283 argumentis
368 2203 629 2264 demonstrandum
654 2204 718 2262 luit.
763 2203 875 2264 Deinde
899 2203 1043 2284 Callinus,
1067 2213 1100 2265 ut
1123 2203 1333 2264 Archilochum

162 2303 281 2364 Parium
306 2304 431 2378 mittam,
455 2301 587 2362 Milesius
612 2301 675 2381 init,
699 2300 881 2362 biilesiorum
904 2310 1003 2363 autem
1027 2303 1185 2364 dialectum
1207 2303 1333 2363 multum

162 2420 177 2460 a
199 2400 335 2461 dialectis
355 2399 496 2460 Chiorum
515 2408 545 2458 ct
564 2398 727 2459 incolarum
747 2399 874 2480 Caystrii
893 2404 989 2480 campi
1007 2401 1222 2481 discrepavisse
1242 2401 1333 2462 llere-

164 2498 251 2558 dotus
268 2497 279 2556 l
296 2495 359 2558 142
375 2497 466 2557 relert
480 2505 569 2575 etque
584 2496 678 2557 nrulto
693 2500 781 2558 etiam
797 2500 890 2577 magis
913 2519 928 2560 a
953 2498 1051 2578 lingua
1075 2501 1183 2560 mixtae
1207 2500 1334 2559 civitatis

164 2597 325 2678 Smyrneae
362 2594 553 2655 abhorruisse
587 2597 650 2655 veri
681 2597 776 2656 simile
810 2605 865 2658 est.
914 2598 973 2658 lam
1007 2599 1033 2658 si
1065 2598 1170 2658 Chium
1207 2596 1334 2657 insulam

164 2694 293 2755 Abantes
322 2702 352 2754 et
379 2693 537 2754 Cretenses
567 2695 730 2772 antiquitus
754 2695 899 2756 insedisse
923 2689 975 2778 (cl.
998 2695 1084 2757 Paua.
1109 2695 1158 2753 Vll
1181 2694 1212 2776 4,
1240 2692 1275 2776 8)
1304 2702 1334 2755 et

164 2792 367 2853 Phocaeenses
395 2789 567 2870 incolasque
590 2791 729 2852 Asiorum
757 2801 909 2872 pratorum
938 2813 1031 2873 prope
1055 2793 1090 2853 ab
1114 2792 1233 2854 aeolicis
1257 2791 1333 2854 colo-

165 2893 221 2952 niis
244 2890 354 2950 aluisse
379 2891 577 2970 reputaveris,
600 2908 659 2950 non
684 2894 873 2953 temerarium
898 2911 944 2952 me
968 2891 1184 2970 criminaberis,
1207 2893 1234 2952 si
1256 2893 1335 2951 inter

164 2989 334 3050 discrimina
366 2995 507 3066 quattuor
539 2989 706 3065 specierum
743 2990 857 3050 ionicae
894 2990 1011 3051 dialecti
1044 2990 1184 3069 digammi
1216 3007 1334 3068 quoque

166 3106 251 3149 visum
284 3087 376 3146 luisse
409 3087 535 3147 conicio.
584 3084 717 3164 Denique
751 3105 766 3147 a
795 3095 911 3148 vetusta
939 3088 1038 3168 lingua
1066 3090 1161 3149 ionica
1190 3087 1334 3166 digamma

166 3206 221 3247 non
249 3185 361 3245 aluisse
391 3193 461 3245 srrnt
487 3182 577 3244 multa
602 3191 632 3245 ct
655 3193 735 3245 certa
759 3186 876 3247 indicia.
922 3186 1054 3266 Namque
1078 3194 1112 3245 ut
1135 3183 1275 3246 Varronis
1298 3185 1334 3244 de

164 3286 232 3365 ling.
257 3284 305 3344 lat.
326 3283 361 3342 Vl
385 3281 405 3342 9
431 3285 631 3344 testimoninm
656 3295 830 3363 corruptum
854 3279 926 3366 brer,
951 3284 1029 3364 quod
1054 3291 1117 3344 tum
1142 3285 1239 3344 vivere
1263 3285 1333 3344 inci-

167 3387 252 3464 piunt
276 3380 402 3460 virgulta
426 3399 460 3441 ac
485 3389 601 3442 vertere
626 3400 657 3441 se
687 3389 803 3461 tempus
831 3385 914 3464 anni,
939 3383 995 3442 nisi
1019 3382 1098 3463 quod
1123 3381 1209 3442 lones
1233 3379 1335 3442 dicunt

165 3491 193 3544 et
213 3501 265 3542 ver
280 3474 360 3562 (‘ber
375 3474 437 3539 ver’
453 3477 523 3538 olim
539 3479 722 3559 vulgabatur,
746 3476 815 3561 ‘iao
831 3475 895 3540 ver’
910 3478 1067 3560 Victorius,
1090 3463 1144 3560 ’ἦρ
1164 3473 1228 3539 ver'
1243 3477 1334 3557 Spen-

164 3580 259 3659 gebus
283 3571 505 3658 emendarunt)'
531 3579 645 3638 mittam
669 3587 699 3638 et
722 3579 852 3658 reiciam,
874 3579 905 3637 in
929 3578 1027 3655 prisca
1050 3576 1218 3638 btteratora
1241 3578 1335 3636 ionica

164 3678 312 3756 digammo
334 3675 433 3736 locum
456 3677 548 3735 inisse
572 3694 607 3734 ex
631 3677 788 3736 notissimo
812 3674 897 3736 titulo
921 3674 1013 3735 Naxio
1034 3674 1207 3736 oAsrTO
1227 3673 1337 3734 Areo

167 3775 256 3838 EMI
279 3773 495 3835 ΑΝΔΡΙΑΣ
515 3772 601 3833 ΚΑΙ
626 3771 683 3833 ΤΟ
705 3774 911 3850 ΣΦΕΛΑΣ,
944 3781 1012 3834 utut
1035 3773 1122 3834 verba
1155 3777 1219 3853 ipsa
1246 3775 1335 3832 inter-

164 3876 306 3953 pretaris,
338 3871 446 3931 aliatim
480 3877 609 3948 apparet.
657 3871 715 3932 Sed
749 3891 808 3932 non
841 3871 935 3932 solum
970 3879 1131 3952 exaratam,
1163 3872 1214 3931 sed
1248 3872 1336 3931 etiam

164 3973 388 4050 pronuntiatam
424 3986 441 4028 a
478 3977 561 4046 parte
593 3967 698 4029 ionum
735 3988 801 4030 esse
838 3969 972 4030 labialem
1005 3968 1134 4029 litteram
1166 3969 1336 4048 spirantem,

165 4070 254 4130 bavius
278 4070 322 4128 rei
346 4067 519 4128 testimonio
543 4072 613 4126 sunt
637 4085 773 4127 vasorum
793 4066 1030 4128 Chalcidensium
1054 4067 1172 4125 nomina
1194 4063 1337 4143 Οίατίης

165 4157 363 4248 Γαρνίόνης
393 4158 489 4240 ch'„
509 4163 545 4224 dc
581 4161 689 4243 quibu's
721 4165 809 4226 adeas
836 4165 958 4225 Ermaui
990 4164 1267 4223 commentationem
1300 4161 1336 4222 ‹le

165 4265 320 4327 titulorum
353 4264 519 4323 ionicorum
552 4262 678 4323 dialecto
711 4266 741 4323 in
774 4263 854 4324 Cnrt.
889 4261 972 4321 Stud.
1000 4259 1023 4318 V
1052 4255 1117 4319 275
1151 4267 1181 4319 et
1208 4258 1338 4321 Tudeeri

165 4363 273 4423 librum
299 4360 504 4422 doctissimum
528 4360 564 4421 de
588 4360 781 4422 dialectorum
805 4376 979 4440 graecarum
1002 4357 1149 4437 digammo
1172 4377 1199 4438 p.
1220 4355 1337 4420 7-12.

166 4458 320 4520 Postremo
354 4477 390 4518 ne
418 4457 718 4537 Pisistrati.quidem
753 4467 885 4537 tempore
919 4456 1059 4538 digammi
1086 4474 1193 4517 sonum
1222 4476 1257 4518 ex
1285 4475 1336 4518 ore
