3276 5090
648 368 865 434 ..39-

168 537 240 598 dare
264 535 431 598 decernunt
453 541 484 596 et
506 534 616 615 grande
640 533 712 595 illud
732 552 807 614 opus
830 537 908 595 intra
928 536 1018 595 unius
1040 534 1101 595 diei
1123 536 1252 613 spatium
1274 553 1341 614 per-

167 636 283 696 ficiunt.
329 634 427 712 Atque
455 633 534 712 quod
563 632 677 694 decimo
705 650 783 692 anno
811 630 881 692 belli
908 633 1024 692 moenia
1048 640 1256 712 exstruuntur,
1284 633 1341 694 boc

168 733 303 811 poeticae
327 730 457 792 libertati
476 733 575 792 minus
598 729 682 790 facile
702 731 899 792 condonarem
923 749 1011 811 quam
1031 731 1109 810 quod
1129 731 1244 792 decimo
1263 749 1339 792 anno

168 837 308 892 auctores
340 829 410 890 helli
442 829 526 889 Paris
557 837 588 889 et
615 827 766 890 Menelaus
799 829 941 908 singulari
969 847 1068 909 pugna
1096 827 1132 889 de
1160 827 1230 890 belli
1257 832 1339 892 exitu

168 929 344 988 decernunt
383 927 571 988 celeritatem
594 946 713 1007 quoque
733 930 833 1007 operis
852 927 941 988 simili
959 925 1093 1005 exemplo
1108 925 1341 1006 Amphipolitaui

168 1028 248 1086 muri
272 1025 370 1086 trihus
393 1024 499 1085 diebus
518 1033 593 1086 teste
614 1025 759 1105 Polyaeno
778 1034 861 1086 strat.
876 1025 913 1085 Vl
928 1023 970 1086 53
989 1025 1135 1086 exstructi
1153 1023 1339 1104 aliquatenus

168 1125 307 1184 excusari
339 1142 427 1202 posse
460 1123 516 1183 alio
550 1123 614 1184 loco
642 1124 744 1204 docui,
777 1124 828 1184 sed
857 1131 956 1184 manet
982 1139 1051 1202 pars
1078 1121 1169 1184 huius
1197 1123 1339 1204 scrupuli,

168 1223 238 1300 quia
266 1229 297 1282 et
326 1224 412 1282 tertia
440 1230 524 1299 parte
553 1225 695 1300 temporis
723 1223 849 1283 munitio
877 1229 1043 1282 castrorum
1066 1218 1243 1298 Argivorum
1271 1240 1339 1283 con·

166 1320 268 1380 ficitur
295 1327 327 1379 et
355 1319 432 1398 apud
456 1319 617 1380 Homerum
645 1319 751 1380 similis
778 1320 938 1381 celeritatis
966 1318 1080 1380 nullum
1104 1318 1271 1399 exemplum
1296 1323 1339 1380 in-

157 1419 296 1493 uenitur.
342 1417 507 1478 Probabilis
536 1435 605 1477 vern
633 1437 734 1497 causa,
766 1437 821 1479 eur
850 1425 918 1497 post
948 1416 1063 1478 felicem
1092 1419 1203 1479 exitum
1233 1417 1339 1497 proelii

166 1515 325 1576 moenibus
358 1534 390 1576 se
422 1517 500 1576 tueri
527 1515 631 1575 Achivi
659 1515 856 1596 decreverint,
889 1515 974 1594 plane
1002 1515 1082 1578 nulla
1109 1516 1209 1576 afferri
1240 1523 1340 1595 potest

165 1631 263 1693 neque
287 1621 416 1694 aposta
443 1615 508 1694 ipso
536 1613 621 1674 allata
645 1620 699 1674 est.
745 1611 808 1684 Qua
837 1613 873 1674 de
896 1632 986 1676 causa
1008 1613 1084 1676 male
1107 1613 1183 1675 hanc
1207 1633 1270 1676 rem
1294 1617 1337 1675 in-

164 1713 300 1773 stitutam
325 1731 392 1772 esse
415 1720 445 1772 et
468 1713 597 1774 divinam
619 1719 713 1772 artem
737 1713 883 1790 ingeniosi
906 1719 1010 1792 poetae
1033 1714 1065 1774 in
1083 1712 1138 1774 hac
1157 1721 1241 1794 parte
1260 1713 1337 1775 desi-

163 1809 264 1870 derari
286 1811 432 1871 fateamur
455 1828 577 1874 necesse
601 1818 655 1872 est.

255 1906 352 1985 §Pb
389 1907 489 1987 Longe
518 1926 588 1968 vero
616 1909 806 1986 gravissimos
833 1908 991 1988 scrupulos
1020 1908 1106 1970 nohis
1134 1911 1218 1971 inicit
1241 1909 1337 1971 media

162 2025 233 2087 pars
262 2009 408 2086 poematis
435 2014 466 2066 et
494 2009 601 2067 tertius
628 2006 693 2067 dies
720 2006 834 2085 proelii.
881 2007 986 2068 Statim
1016 2010 1048 2068 in
1076 2010 1159 2070 initio
1188 2006 1338 2068 undecimi

164 2104 235 2165 libri
262 2121 381 2164 omnem
409 2105 582 2164 memoriam
610 2105 797 2164 tristissimae
827 2108 934 2184 stragis
963 2105 1039 2165 libro
1067 2112 1170 2166 octavo
1198 2113 1337 2186 acceptae

163 2211 283 2264 exutam
308 2221 374 2263 esse
397 2205 540 2263 miramur
559 2209 589 2262 et
607 2202 869 2284 Agamemnonem,
894 2222 982 2283 quem
1000 2222 1079 2265 nouo
1101 2203 1178 2265 libro
1201 2203 1337 2265 lacrimas

162 2301 278 2362 fudisse
297 2308 328 2361 et
346 2301 383 2362 ad
401 2299 529 2362 humiles
547 2319 651 2380 preces
671 2303 839 2382 confugisse
859 2311 1012 2366 narratum
1030 2311 1107 2383 erat,
1131 2301 1337 2366 alacerrimum

164 2407 196 2460 et
221 2408 344 2476 ¹tantum
377 2417 436 2462 nnn
470 2399 693 2478 superbientem
723 2403 754 2460 in
786 2402 879 2462 aciem
912 2401 1041 2481 prodire.
1087 2401 1144 2472 Oui
1176 2402 1336 2463 defendere

162 2499 270 2558 miram
298 2496 375 2556 hauc
404 2514 468 2556 rem
496 2499 594 2558 conati
621 2507 699 2578 sunt,
728 2498 807 2560 felici
836 2501 917 2559 exitu
947 2507 1111 2561 nocturnae
1140 2499 1337 2579 expeditionis

162 2598 278 2656 animos
306 2594 487 2655 Achivorum
519 2597 628 2656 iterum
663 2603 779 2658 erectos
808 2613 873 2658 esse
906 2596 1018 2657 dicunt.
1069 2595 1128 2656 Sed
1158 2603 1191 2657 ut
1221 2598 1336 2658 mittam

44 2683 50 2692 ¹
163 2693 314 2754 decimum
339 2691 448 2752 librum
472 2695 678 2780 crecentiore
701 2703 800 2776 poeta,
829 2695 954 2756 fortasse
982 2713 1017 2755 eo
1045 2697 1110 2774 ipso
1138 2693 1275 2775 consilio,
1303 2704 1337 2756 ut

162 2794 323 2852 immanem
346 2790 460 2851 hiatum
484 2794 662 2852 narrationis
686 2792 831 2873 expleret,
855 2792 988 2854 additum
1011 2809 1077 2852 esse
1100 2793 1207 2872 videri,
1237 2799 1334 2852 tamen

163 2889 280 2950 facinus
304 2890 453 2951 Diomedis
481 2898 511 2952 et
533 2889 627 2951 Ulixis
656 2891 774 2952 levioris
803 2891 945 2951 momenti
968 2895 1026 2970 est,
1055 2907 1142 2968 quam
1171 2909 1230 2969 qno
1254 2898 1334 2951 tanta

162 2989 319 3049 conversio
343 3007 444 3050 rerum
468 2996 498 3050 et
521 2990 686 3050 animorum
710 2988 850 3068 explicari
874 2989 975 3068 possit

252 3085 352 3148 illinus
380 3106 427 3147 me
451 3087 587 3168 offendit,
615 3087 693 3166 quod
723 3086 788 3164 aliis
811 3069 927 3148 nimiae
942 3087 1099 3148 offensioni
1126 3087 1218 3148 fuisse
1243 3086 1336 3168 video,

165 3184 272 3264 lega-tio
297 3184 366 3245 libri
389 3187 461 3246 noni
484 3203 543 3246 non
566 3193 794 3247 commemorata
818 3185 854 3246 ab
877 3184 989 3247 Achille
1013 3186 1044 3246 Λ
1067 3183 1131 3248 609

300 3280 367 3344 νῦν
391 3275 451 3346 ὀίω
474 3277 550 3363 περὶ
574 3273 710 3364 γούνατ’
736 3275 796 3364 ἐμὰ
821 3276 1004 3364 στήσεσθαι
1024 3274 1176 3365 Ἀχαιούς

298 3377 530 3462 λισσομένους·
554 3373 653 3464 χρειὼ
676 3373 740 3461 γὰρ
764 3375 911 3442 ἱκάνεται
935 3372 1043 3443 οὐκέτ’
1069 3373 1216 3456 ἀνεκτός.

165 3481 266 3544 Potuit
294 3483 387 3562 enim,
417 3483 448 3541 ni
475 3479 572 3562 fallor,
600 3480 673 3542 haec
701 3479 791 3540 verba
821 3481 903 3540 otiari
931 3479 1073 3560 Achilles,
1097 3481 1185 3542 etiam
1214 3483 1240 3543 si
1267 3489 1335 3543 ante

166 3580 346 3658 Agamemno
374 3597 442 3640 eum
471 3578 611 3658 precihus
640 3596 694 3657 per
721 3578 833 3657 legatos
856 3577 982 3660 adierat,
1010 3581 1151 3641 nimirum
1173 3580 1335 3642 iracundus

166 3687 195 3739 et
217 3687 376 3738 contumax
405 3677 493 3738 beros
521 3679 579 3738 ianr
608 3678 741 3738 futurum
770 3679 930 3757 praesagit,
957 3683 991 3738 ut
1018 3677 1247 3756 superbusrex
1275 3695 1334 3737 non

166 3777 261 3840 solum
283 3777 406 3838 blandas
429 3777 618 3838 condiciones
642 3777 730 3855 ferat,
753 3774 805 3836 sed
829 3774 865 3834 ad
889 3793 985 3854 genua
1008 3795 1060 3838 sua
1084 3775 1268 3856 procumbat.

253 3875 381 3936 Prorsus
409 3884 507 3936 autem
535 3876 607 3936 haec
634 3873 725 3936 altera
753 3893 822 3953 pars
850 3872 919 3936 libri
946 3875 1096 3936 undecimi
1123 3883 1153 3934 et
1179 3874 1259 3932 muri
1286 3890 1334 3932 ex-

165 3976 315 4054 pugnatio,
329 3991 405 4052 quae
420 3972 495 4034 lihro
508 3973 550 4034 M
555 3981 671 4034 narrata
686 3974 750 4054 fuit,
765 3975 795 4034 in
810 3974 894 4033 initio
909 3971 979 4032 libri
991 3972 1098 4032 decimi
1113 3973 1191 4032 sexti
1201 3970 1335 4049 neglecta

165 4081 217 4134 est
254 4072 328 4134 Nam
347 4090 416 4134 cum
434 4069 563 4132 Achilles
581 4069 750 4132 Patroclum
768 4073 906 4152 misisset,
925 4077 959 4132 ut
977 4088 1065 4151 quem
1079 4069 1186 4130 Nestor
1200 4067 1334 4130 vulnera·

166 4180 227 4233 tum
246 4190 282 4232 ex
302 4189 400 4250 pugna
420 4169 575 4230 reveheret
593 4171 796 4232 sciscitaretur
815 4163 860 4250 (A
878 4165 967 4251 612),
990 4178 1092 4249 postea
1115 4168 1188 4228 adeo
1208 4175 1333 4250 uterque

165 4269 253 4332 huius
272 4270 402 4332 mandati
421 4271 608 4330 immemores
629 4269 697 4330 faeti
712 4278 789 4349 suut,
804 4277 837 4330 ut
851 4285 947 4347 neque
960 4265 1115 4328 Patroclus
1129 4267 1223 4330 redux
1238 4269 1334 4332 faetus

167 4369 327 4450 quidquam
351 4367 387 4432 de
410 4368 465 4430 hac
489 4385 522 4428 re
546 4369 663 4428 nuntiet
686 4375 715 4428 ct
736 4365 864 4428 Achilles
888 4367 985 4427 omnia
1009 4363 1063 4426 alia
1086 4368 1187 4446 potius
1211 4377 1333 4448 quaerat

168 4486 253 4547 quam
281 4465 361 4547 quod
391 4467 574 4548 sciscitatum
603 4463 685 4528 illurn
708 4468 837 4528 miserat.
878 4461 957 4526 llaec
980 4463 1118 4546 equidem
1142 4465 1242 4528 nullus
1265 4486 1333 4530 con·
