3306 5070
293 375 358 440 234
775 374 927 425 ικιιαου
947 375 968 423 ιι

292 537 391 591 Λίνδον
412 537 528 604 Ίηλυςόν
545 553 576 590 τε
595 539 640 590 καλ
658 535 824 603 ἀργινόεντα
843 534 986 600 Κάμειρον.

291 631 350 680 τῶν
369 628 418 692 μὲν
436 627 613 692 Τληπόλεμος
631 625 811 692 δουρικλυτός
828 624 1005 691 ἡγεμόνευεν.

291 715 328 782 δν
349 717 410 780 τέκε
432 715 609 799 Ιέασιυόχεια
632 721 683 802 βέῃ
701 713 861 798 Ἡρακληεέ
884 762 894 794 ,

291 803 346 887 τὴν
368 803 446 890 ἄγετ’
472 807 502 882 έξ
522 803 669 887 Ἐφύρης,
691 811 825 886 ποταμοῦ
847 803 908 868 ἄπο
931 802 1123 885 Σελλήεντος,

290 895 399 977 πέρσας
420 893 530 960 λα’στεα
552 892 645 959 πολλὰ
669 894 849 976 διοτρεφέων
871 896 990 975 αἰζηῶν.

294 981 481 1066 Τληπόλεμος
504 981 530 1048 δ’
556 985 618 1048 έπελ
641 975 698 1047 οὖν
719 979 804 1066 τράφ’
831 983 876 1046 ένλ
898 977 1016 1066 μεγάρῳ
1039 977 1191 1066 imoimo,

291 1069 394 1137 αὐτίκα
416 1071 524 1154 πατρδς
547 1073 608 1137 ἕοῖο
631 1076 720 1152 φίλον
743 1067 864 1154 μήτρωα
886 1071 1019 1150 κατέκτα,

289 1160 349 1244 ἤδη
372 1157 561 1244 γηράσκοντα
583 1157 766 1242 Λικύμνιον,
790 1159 859 1236 ὄζον
873 1159 991 1242 Ἄρηος.

291 1247 370 1332 αἶψα
392 1251 425 1314 δέ
448 1257 524 1332 νῆας
547 1252 648 1330 ἔπηξε,
670 1247 766 1314 πολύν
789 1247 818 1312 δ’
844 1247 861 1313 δ’
883 1273 916 1332 γε
938 1246 1011 1313 λαὸν
1033 1246 1152 1332 ἀγείρας

291 1345 330 1422 βῆ
355 1337 475 1424 φεύγων
497 1341 546 1403 έπλ
567 1337 691 1404 πόντον·
723 1335 886 1420 αἰπεέλησαν
909 1335 965 1422 γὰρ
987 1341 1019 1402 οἷ
1038 1337 1120 1402 ἄλλοι

291 1429 367 1506 υἱέες
385 1433 492 1493 υἱωνοί
511 1453 540 1492 τε
563 1432 631 1510 βίης
648 1425 850 1509 Ἡρακληείης.

291 1511 385 1600 αὖτοὶρ
408 1515 425 1582 δ’
448 1515 472 1601 γ’
497 1519 527 1594 ές
545 1513 655 1581 Ῥόδον
677 1513 738 1593 ἷξεν
760 1515 928 1598 α’λοὶμενος,
951 1515 1040 1599 ἄλγεα
1062 1514 1199 1597 πάσχων·

290 1603 395 1688 τριχθὰ
419 1607 451 1671 δέ
473 1609 620 1688 έολκηθεν
642 1603 867 1686 καταφυλαδόν,
890 1603 939 1686 ἠδ’
966 1606 1112 1686 έφίληθεν

291 1697 323 1759 έκ
347 1691 435 1776 Διός,
457 1693 492 1772 δς
513 1720 542 1758 τε
565 1703 661 1759 θεοῖσι
684 1695 735 1758 καὶ
757 1692 946 1776 ἀνθρώποισι
968 1691 1125 1772 έανᾶσσει,

288 1789 341 1848 καί
361 1806 434 1865 σφιν
456 1784 616 1850 θεσπέσιον
638 1784 768 1848 πλοῦτον
790 1783 924 1866 κατέχευε
948 1788 1094 1864 Κρονίων.

380 1889 476 1956 Νιρεύς
494 1889 530 1942 ού
549 1889 675 1955 (ύμηθεν
694 1889 744 1951 όγε
762 1893 836 1954 τρεῖς
853 1891 923 1953 νήος
940 1885 1040 1954 cistae,

291 1977 387 2044 Νιρεύς
406 1978 533 2044 Ἀγλαΐης
551 1977 611 2031 υἱός
628 1977 757 2044 Χαρόπου
776 1993 807 2030 τε
827 1976 974 2044 Ὲόνακτος,

291 2066 387 2132 Νιρεὺς
404 2067 436 2120 ὃς
454 2067 593 2121 κύλλιςτος
611 2067 682 2134 ἀνὴρ
701 2066 756 2119 ὑπὸ
775 2066 854 2119 Ἴλιον
873 2067 956 2132 ῆλθεν

289 2159 348 2208 τῶν
366 2155 458 2208 ἄλλων
476 2157 600 2210 Δαναῶν
618 2157 678 2221 μετ’
695 2156 823 2220 ἀμύμονα
841 2154 999 2219 Πηλεΐωνα.

220 2261 228 2275 ·
290 2244 349 2306 ἀλλ’
367 2245 526 2298 ἀλαπαδνὸς
544 2246 606 2311 ἔην,
624 2249 731 2311 παῦρος
749 2243 779 2297 δέ
798 2245 840 2296 foi
860 2243 953 2295 εἵπετο
971 2242 1045 2294 λαός.

379 2333 406 2386 οἳ
424 2335 449 2387 δ’
468 2335 523 2400 ἄρα
541 2332 658 2400 Νῑςυρόν
675 2334 701 2387 τ’
720 2333 795 2398 εἰχον
815 2332 963 2399 Κράπαθόν
980 2348 1012 2384 τε
1032 2331 1118 2384 Κόςον
1137 2347 1167 2384 τε

290 2424 335 2474 καλ
355 2423 416 2475 Κῶν
434 2423 606 2490 Εὐρυπύλοιο
624 2423 716 2488 πόλιν,
735 2421 835 2488 νήςους
853 2437 885 2474 τε
904 2419 1056 2488 Καλύδνας,

289 2515 348 2564 τῶν
367 2513 405 2564 αύ
421 2511 571 2567 Φείδιππός
588 2528 620 2566 τε
638 2514 682 2564 καλ
702 2511 834 2577 Ἄντιφος
853 2510 1023 2576 ἡγηςάςθην,

289 2600 424 2653 θεςςαλού
443 2599 486 2654 υῐε
505 2601 564 2654 δύω
584 2602 762 2667 Ἠρακλεῑδαο
781 2599 923 2652 δόνακτος.

289 2693 348 2741 τῶν
367 2689 397 2743 δὲ
415 2690 566 2756 τριήκοντα
584 2690 726 2755 γλαφυραὶ
742 2687 803 2740 νέες
820 2687 994 2752 ἑςτιχόωντο.

379 2782 431 2830 νύν
449 2779 484 2830 αὖ
503 2779 570 2831 τοὺς
587 2779 659 2831 όςςοι
677 2778 711 2830 τὸ
729 2776 899 2840 Πελαςγικὸν
920 2776 1020 2842 Ἀργος
1038 2777 1145 2828 έναιον·

290 2863 318 2918 οἵ
335 2867 362 2918 τ’
381 2865 463 2919 Ἄλον
482 2866 510 2919 οἵ
527 2867 553 2918 τ’
574 2866 692 2932 Ἀλόπην
711 2865 739 2918 oi'
755 2881 788 2918 τε
806 2865 918 2931 Τρηχῑν’
936 2865 1084 2932 ἐνέμοντο,

290 2953 360 3006 οἵτ’
379 2955 455 3020 εἶχον
474 2953 563 3021 Φθλην
582 2955 627 3020 ἠδ’
646 2953 760 3008 Ἑλλάδα
778 2955 986 3021 καλλιγύναικα,

290 3042 464 3108 Μυρμιδόνες
483 3044 513 3096 δέ
532 3045 665 3096 καλεῦντο
685 3045 729 3097 καΙ
748 3043 877 3109 ’Έλληνες
894 3045 939 3097 καλ
960 3041 1074 3110 Ἀχαιοί,

289 3135 348 3184 τῶν
367 3132 402 3184 ού
419 3132 594 3199 πεντήκοντα
610 3135 684 3185 νεῶν
702 3135 737 3199 ἠν
756 3132 840 3200 ἀρχὸς
860 3132 1002 3198 Ἀχιλλεύς.

362 3293 568 3345 cco=0531
672 3287 898 3346 socha—acco
997 3295 1210 3347 674=P28c
1230 3296 1320 3344 ιιιο.
1340 3296 1390 3344 τοι

290 3375 503 3426 οωεκωο

362 3501 413 3550 666
434 3491 577 3566 Κάμειρον
596 3497 634 3550 A:
658 3493 787 3566 Κάμιρον
807 3496 827 3550 C
914 3501 965 3549 667
986 3495 1041 3547 τῶν
1061 3493 1093 3548 δὲ
1114 3496 1194 3548 vetus
1213 3492 1298 3549 lectio
1317 3493 1401 3548 iuissc
1421 3493 1461 3547 vi-

290 3575 371 3628 detur
478 3579 620 3631 658·-670
647 3573 741 3652 veteri¹
764 3575 895 3644 catalogo
924 3577 960 3631 ab
988 3577 1189 3645 interpolatore
1213 3574 1302 3628 additi
1326 3577 1391 3630 εαιιδ

290 3659 341 3708 661
361 3649 448 3722 τράφ’
470 3650 512 3708 ivi
526 3653 587 3707 Ae:
607 3649 701 3724 τράφη
722 3651 752 3708 ἐν
773 3657 885 3721 Barnea,
904 3659 936 3712 ιιδ
949 3657 976 3710 in
992 3655 1134 3711 codicibus
1154 3654 1351 3724 scriptumest
1372 3659 1458 3707 Γ201

290 3736 319 3789 οδ
338 3739 426 3788 [1222
482 3740 533 3788 665
553 3735 587 3804 βῆ
608 3729 722 3802 φεύγων
738 3735 817 3788 codd¹
838 3739 866 3789 ci
879 3733 939 3789 An:
959 3731 989 3790 τὸ
1006 3731 1155 3804 Ὁμηρικὸν
1175 3733 1244 3796 fone
1265 3734 1312 3808 ’βῆ
1328 3731 1458 3802 φεύγειν’

291 3809 467 3882 προφέρεται
480 3810 719 3883 καλιοΙ,Δ-γιι’ρ
730 3811 760 3868 οἴ
768 3815 846 3868 codd.
893 3822 944 3870 667
960 3812 1064 3883 αύτολρτ
1079 3813 1153 3884 αἶψα
1168 3810 1196 3868 δ’
1213 3815 1276 3868 ch.
1323 3821 1374 3869 668
1388 3809 1461 3886 ᾤκη-

290 3897 345 3946 θεν
364 3893 443 3949 codd.
518 3900 570 3948 669
589 3888 739 3949 ἅθετείται
757 3895 843 3948 schol.
865 3897 887 3947 Α
961 3900 1012 3950 672
1032 3891 1178 3964 Χαρόποιο
1197 3890 1224 3948 τ’
1245 3889 1290 3948 ἄν.
1309 3893 1388 3948 codd.

291 3978 396 4028 673-ό
411 3973 563 4038 damnavit,
579 3973 701 4028 medium
713 3991 747 4027 ιιο
762 3973 875 4042 scripsit
889 3975 1001 4040 quidem
1013 3969 1085 4043 ch'„
1100 3975 1221 4044 primum
1231 3975 1331 4030 saliem
1346 3976 1462 4044 agnovit

290 4051 456 4108 Aristotcles
470 4055 541 4108 rhei.
557 4054 595 4107 iil
612 4059 643 4106 12
713 4058 763 4106 677
780 4047 856 4106 Κόον
871 4054 978 4125 Nauck,
994 4057 1028 4112 cf.
1043 4059 1140 4114 5256.
1157 4058 1233 4110 028.
1253 4056 1280 4111 λι.
1292 4053 1344 4123 Ap.
1355 4055 1415 4109 Del.
1426 4061 1460 4109 42

291 4139 343 4187 ατο
362 4133 416 4189 τῶν
435 4129 464 4189 δ’
486 4133 506 4188 c
597 4139 649 4189 oco
668 4133 723 4186 τῶν
738 4129 853 4195 Amce
872 4133 892 4188 c
979 4141 1029 4189 τοι
1050 4131 1078 4188 οἳ
1095 4130 1125 4189 o’
1147 4131 1241 4203 Ἀργος
1259 4131 1336 4202 εἶχον
1354 4131 1386 4190 τὸ
1407 4138 1462 4190 Πε-

290 4208 424 4281 λασγικὸν
447 4207 542 4281 οὖθαρ
565 4209 689 4282 ἀρούρης
712 4213 775 4267 ch.
868 4219 919 4267 682
942 4233 984 4282 γρ.
1004 4215 1037 4267 οῖ’
1053 4209 1083 4268 o'
1111 4209 1189 4268 ’Ἅλον
1213 4215 1246 4268 οἴ
1258 4209 1292 4268 θ’
1318 4209 1460 4270 ‘Alcaico'

291 4291 391 4346 Strabo
406 4293 444 4346 lx
463 4311 489 4361 p.
505 4298 556 4346 432
647 4297 770 4347 686-94
790 4291 935 4348 damnavit
954 4295 1029 4360 Zeu„
1049 4293 1140 4363 prisco
1159 4295 1289 4364 catalogo
1308 4297 1344 4350 ab
1363 4298 1461 4350 eodem

291 4371 575 4504 p⁰⁰ffl.3”⁰tv⁰¹ffl⁸
601 4379 742 4428 699-709
766 4376 795 4428 et
815 4377 955 4428 721-728
974 4375 1004 4428 ci
1022 4378 1163 4428 760-778
1182 4376 1211 4428 et
1229 4373 1462 4428 658-'1081dditi
1575 4445 1578 4452 Ι

291 4465 350 4502 csse
369 4467 397 4504 τι
417 4465 453 4503 cn
466 4467 506 4506 ur,
