3276 5090
754 390 975 452 „48-

279 552 341 612 Hoc
364 569 456 611 unum
479 551 616 612 dubitare
640 553 745 631 possis,
768 561 869 612 utrum
894 558 954 611 tota
977 553 1107 612 narratio
1130 550 1167 610 de
1191 552 1301 629 aurigis
1321 549 1449 611 Patrocli

280 645 502 710 rrae-592
530 657 655 728 apoeta
687 667 788 709 rerum
817 667 911 708 nexus
935 667 1058 726 prorsus
1082 647 1173 709 oblito
1201 647 1299 710 addita
1330 651 1383 728 sit,
1412 667 1450 708 an

280 747 336 808 soli
368 765 473 806 versus
508 742 734 807 rnen-546
767 745 934 826 expellendi
965 749 1032 807 sint.
1078 745 1224 825 Equidem
1257 753 1291 806 ut
1323 748 1353 805 in
1387 745 1453 806 aliis

283 845 382 925 rebus,
406 845 449 905 sie
472 843 529 902 hoc
551 861 668 921 quoque
689 842 752 902 loco
771 841 914 904 leniorem
938 843 1081 904 medelam
1104 844 1253 923 praefero,
1276 844 1454 922 praesertim

280 961 347 1002 eum
381 948 410 1001 et
443 939 608 1020 episodium
641 938 711 1000 illud
741 943 981 1002 venustissimum
1010 940 1134 1020 pulchre
1162 943 1308 1001 intertum
1338 941 1390 1020 sit,
1422 946 1453 999 ct

281 1041 462 1100 diasceuasta
481 1037 582 1097 iliadis
605 1039 693 1098 etiam
717 1037 773 1099 alio
798 1037 870 1118 loeo,
891 1039 924 1097 Σ
944 1036 1015 1119 168,
1038 1039 1230 1099 interioribus
1254 1038 1326 1118 deis,
1351 1037 1454 1116 quales

282 1137 409 1197 Minerva
439 1143 468 1195 ct
495 1135 552 1194 lris
580 1143 649 1195 sunt
677 1153 745 1195 eum
774 1134 840 1194 lore
864 1143 893 1194 ct
917 1134 1028 1196 lunone
1052 1144 1252 1216 comparatae,
1275 1143 1455 1215 potestatem

284 1253 336 1296 sua
363 1244 468 1312 sponte
492 1232 598 1310 agendi
621 1233 782 1310 denegasse
806 1233 947 1293 videatur.

370 1332 503 1410 Denique
522 1333 625 1410 paucis
643 1333 788 1410 attingere
809 1333 904 1392 risum
923 1339 968 1390 est
988 1331 1084 1392 locum
1104 1331 1319 1391 conclamatum
1339 1331 1371 1388 A
1389 1327 1455 1389 423

394 1423 477 1501 Ζεὺς
499 1420 562 1508 γὰρ
586 1424 619 1500 ἐς
638 1418 798 1489 Ὠκεανὸν
821 1419 891 1509 μετ’
917 1420 1092 1509 ἀμύμονας
1115 1427 1308 1508 Αἰθιοπῆας

393 1519 506 1606 χθιζὸς
529 1523 587 1605 ἒβη
611 1519 691 1605 μετὰ
715 1524 826 1604 deice,
850 1519 927 1586 θεοὶ
951 1517 982 1586 d’
1008 1517 1075 1606 ἅμα
1098 1520 1219 1598 πάντες
1242 1516 1371 1589 dooere.

282 1622 437 1684 Manifesta
466 1625 542 1684 enim
573 1623 620 1682 hic
644 1622 740 1702 locus,
764 1630 797 1682 ut
820 1617 931 1683 dudum
955 1623 1137 1684 intellectum
1162 1633 1221 1705 cst,
1248 1630 1361 1703 pugnat
1385 1643 1456 1684 eum

283 1741 371 1782 versu
402 1725 433 1782 A
464 1717 539 1801 195,
567 1739 626 1798 quo
655 1719 784 1780 Minerva
812 1720 915 1780 eodem
944 1722 991 1782 die
1020 1720 1055 1780 ab
1080 1721 1192 1782 lunone
1215 1724 1305 1782 missa
1333 1741 1348 1781 a
1372 1721 1456 1782 caelo

283 1811 505 1902 (οὐρανόθεν)
533 1820 562 1877 in
592 1827 702 1878 terram
730 1817 918 1878 descendisse
947 1826 1093 1878 narratur.
1135 1818 1327 1879 Emendando
1355 1826 1456 1879 autem

283 1935 388 1978 vereor
420 1925 453 1977 ut
482 1914 554 1976 baec
584 1913 742 1976 difficultas
771 1917 917 1975 removeri
947 1919 1053 1996 possit3
1087 1919 1196 1978 etenim
1227 1916 1320 1976 honos
1349 1935 1456 1978 versus

286 2011 460 2076 195-196
484 2021 514 2073 et
538 2011 713 2074 arr-222
738 2014 834 2072 eicere
853 2017 1043 2075 temerarium
1063 2023 1157 2075 estet
1177 2022 1294 2093 tempus
1314 2033 1458 2092 praesens

283 2107 417 2172 ἕπονται
437 2111 473 2170 ab
492 2109 662 2171 Aristarcho
682 2113 845 2188 repositum
867 2120 979 2189 pugnat
1002 2131 1069 2172 curn
1094 2112 1310 2172 consuetudine
1329 2112 1457 2172 deorum

284 2228 342 2268 una
373 2207 462 2267 simul
491 2197 575 2268 sacra'
603 2208 755 2268 hominum
783 2207 966 2269 obeuntium.
1013 2208 1055 2269 Ne
1081 2209 1306 2287 interpretando
1336 2209 1457 2287 quidem

285 2305 410 2366 multum
443 2301 647 2385 proficiemus3
679 2304 752 2365 nulli
784 2305 917 2392 prolecto
951 2323 1075 2365 acumen
1109 2305 1264 2384 Gepperti,
1300 2304 1459 2385 Ursprung

286 2403 340 2464 der
372 2403 449 2464 hom.
483 2401 548 2462 Ges.
582 2400 593 2461 l
624 2399 682 2482 32,
714 2401 857 2462 arridebit
890 2410 1005 2481 poetam
1038 2395 1164 2476 πάντας
1196 2393 1283 2482 πλὴν
1313 2393 1461 2482 Ἀθήνης

284 2494 340 2561 καὶ
368 2491 474 2580 Ἥρης
510 2499 691 2560 intellexisse
727 2499 863 2560 dicentis.
914 2499 972 2560 Sed
1005 2499 1077 2560 illud
1111 2517 1229 2580 quoque
1263 2499 1459 2578 improbabile

284 2607 331 2659 est
363 2588 611 2676 Agamemnonem
649 2615 708 2657 non
746 2597 864 2676 eodem,
900 2616 958 2675 qno
992 2615 1059 2656 eum
1092 2595 1205 2658 Achille
1237 2594 1369 2674 litigatus
1402 2605 1460 2678 est,

284 2696 346 2774 die,
375 2695 426 2754 sed
455 2703 575 2773 postero
604 2713 706 2754 navem
735 2713 803 2754 cum
832 2692 992 2772 Chryseide
1016 2694 1113 2772 puelia
1137 2695 1253 2754 misisse
1279 2689 1325 2772 (A
1348 2691 1458 2755 308-

285 2786 374 2873 311).
425 2791 510 2852 Nullo
548 2800 645 2852 autem
684 2791 770 2852 modo
807 2793 835 2851 ei
869 2791 941 2850 mihi
972 2801 1199 2872 persuaserunt,
1238 2793 1290 2870 qui
1322 2791 1460 2853 Thetidis

284 2908 390 2969 preces
422 2892 483 2950 sive
516 2907 619 2950 versus
649 2894 680 2949 A
708 2886 881 2950 306-611
912 2907 928 2948 a
957 2890 1123 2948 recentiore
1151 2886 1308 2948 lloiberida
1339 2888 1460 2949 additos

285 3005 350 3048 esse
374 2994 558 3068 statuerunt3
585 2987 750 3047 arctissime
778 2988 856 3046 enirn
881 2984 953 3045 haee
977 2985 1067 3045 altera
1091 3002 1160 3063 pars
1183 2987 1272 3064 primi
1295 2985 1364 3046 libri
1387 3005 1458 3048 crim

284 3087 384 3163 priore
413 3082 551 3143 cohaeret
580 3092 610 3142 et
636 3092 704 3144 ante
733 3082 824 3143 libros
852 3084 1074 3160 antiquissimos
1097 3083 1203 3163 BEA,
1232 3091 1265 3143 ut
1289 3085 1365 3144 inira
1389 3103 1458 3162 pro·

286 3180 430 3258 habimuS,
453 3183 615 3258 composita
639 3177 722 3261 est.¹)
760 3179 830 3240 lnde
850 3178 922 3239 nihil
942 3178 1089 3257 reliquum
1108 3187 1163 3259 est,
1189 3198 1277 3258 qnam
1298 3189 1331 3241 nt
1351 3181 1459 3242 ileme-

286 3297 365 3358 rum,
398 3279 625 3354 ingeniosiorern
657 3276 740 3337 illum
774 3295 861 3355 quam
895 3276 1093 3357 subtiliorem,
1126 3297 1183 3338 uria
1216 3297 1284 3339 cum
1317 3280 1368 3358 iis,
1406 3281 1460 3356 qui

286 3376 410 3454 poeticis
439 3373 599 3434 luminibus
628 3375 716 3452 primi
744 3372 812 3432 libri
839 3375 879 3433 ita
908 3377 987 3452 capti
1015 3382 1168 3456 tenentur,
1198 3382 1232 3435 ut
1254 3378 1328 3436 istos
1352 3393 1460 3435 versus
1494 3393 1502 3406 ·

286 3490 387 3532 secum
415 3489 547 3550 pugnare
576 3489 634 3530 non
663 3471 909 3550 animadvertant,
936 3471 1087 3551 paulisper
1115 3472 1290 3534 dormitasse
1314 3473 1460 3533 dicamus.

287 3569 344 3629 Sed
378 3577 411 3628 ut
443 3568 682 3628 obdormiscendi
715 3576 745 3627 et
772 3566 964 3628 obliviscendi
993 3572 1107 3648 copiam
1136 3571 1315 3658 laceremus
1347 3568 1460 3630 librum

286 3668 417 3746 primum
440 3667 469 3724 in
495 3665 554 3726 duo
577 3667 706 3726 carmina
731 3665 885 3726 divisimus
909 3673 939 3726 et
957 3666 1078 3727 alteram
1097 3675 1212 3745 partem
1232 3671 1263 3728 A
1282 3665 1457 3728 318—611

286 3764 343 3824 alio
367 3763 418 3823 die'
438 3773 489 3824 aut
503 3762 611 3834 saltem
630 3765 787 3822 interiecto
807 3762 905 3840 aliquo
925 3766 1069 3841 temporis
1088 3765 1251 3844 interuallo,
1275 3765 1361 3844 quale
1380 3767 1462 3824 inter

287 3859 340 3921 Od.
368 3857 593 3921 eros-366
621 3868 651 3919 et
678 3862 704 3920 e
732 3856 909 3920 499-520
937 3862 1143 3922 intercessisse
1172 3865 1236 3941 ipse
1265 3871 1353 3940 poeta
1377 3861 1463 3942 dicit,

287 3965 432 4018 cantatam
456 3974 522 4018 esse
545 3959 712 4017 statuimus.
856 3951 867 3972 ⁶

375 4054 395 4131 ξ
418 4051 470 4116 33.
516 4052 586 4115 Plus
614 4053 710 4114 valent
738 4052 804 4113 illae
832 4052 1061 4137 discrepantiae,
1089 4075 1164 4136 quac
1193 4059 1229 4118 ad
1258 4065 1337 4119 totos
1366 4056 1464 4118 libros

287 4155 437 4231 pertinent
460 4160 490 4212 et
513 4150 703 4212 fundamenta
727 4149 841 4212 fabulae
862 4151 965 4212 iliacae
989 4155 1052 4233 ipsa
1070 4147 1235 4233 attingunt]
1265 4155 1341 4216 Tres
1360 4164 1465 4218 autern

301 4267 498 4274 ——...---.

379 4307 404 4372 t)
424 4307 589 4376 Nuperrime
618 4304 834 4372 Heimreiohins,
863 4303 920 4359 Das
948 4306 1021 4359 ersie
1049 4305 1126 4360 Bueb
1154 4308 1204 4362 der
1232 4309 1298 4363 ilios
1327 4308 1384 4362 und
1415 4309 1465 4365 die

290 4381 509 4452 Liedertheorie,
532 4403 565 4439 eo
590 4385 724 4440 audaciae
747 4400 909 4454 progressus
934 4386 989 4452 ost,
1013 4387 1045 4438 ut
1067 4384 1164 4440 eiectis
1187 4387 1315 4442 versibus
1332 4390 1464 4457 praeele-

290 4460 408 4514 rissimis
427 4469 448 4515 A
469 4468 607 4518 les-ete
627 4465 781 4520 diffultates
799 4463 934 4519 removeri
952 4479 1034 4532 posse
1053 4463 1107 4518 sibi
1125 4466 1316 4533 persuaderet.
