<?xml version="1.0" encoding="UTF-8"?>
<!DOCTYPE html PUBLIC "-//W3C//DTD XHTML 1.0 Transitional//EN"
    "http://www.w3.org/TR/xhtml1/DTD/xhtml1-transitional.dtd">
<html xmlns="http://www.w3.org/1999/xhtml" xml:lang="en" lang="en">
 <head>
  <title>
</title>
<meta http-equiv="Content-Type" content="text/html;charset=utf-8" />
  <meta name='ocr-system' content='tesseract 3.04.00' />
  <meta name='ocr-capabilities' content='ocr_page ocr_carea ocr_par ocr_line ocrx_word'/>
</head>
<body>
  <div class='ocr_page' id='page_1' title='image "./homeriiliadisca01homegoog_0013.png"; bbox 0 0 3276 5090; ppageno 0'>
   <div class='ocr_carea' id='block_1_1' title="bbox 742 372 933 437">
    <p class='ocr_par' dir='ltr' id='par_1_1' title="bbox 742 372 933 437">
     <span class='ocr_line' id='line_1_1' title="bbox 742 372 933 437; baseline -0.005 -19"><span class='ocrx_word' id='word_1_1' title='bbox 742 372 933 437; x_wconf 66' lang='lat'>„2-</span> 
     </span>
    </p>
   </div>
   <div class='ocr_carea' id='block_1_2' title="bbox 246 527 1423 3539">
    <p class='ocr_par' dir='ltr' id='par_1_2' title="bbox 253 527 1421 712">
     <span class='ocr_line' id='line_1_2' title="bbox 254 527 1421 620; baseline -0.003 -25"><span class='ocrx_word' id='word_1_2' title='bbox 254 535 404 598; x_wconf 85' lang='grc' dir='ltr'><em>Αλκίνον</em></span> <span class='ocrx_word' id='word_1_3' title='bbox 426 527 582 620; x_wconf 78' lang='grc' dir='ltr'><em>ἀπολόγῳ</em></span> <span class='ocrx_word' id='word_1_4' title='bbox 605 546 683 615; x_wconf 77' lang='lat' dir='ltr'>poet„</span> <span class='ocrx_word' id='word_1_5' title='bbox 706 555 731 595; x_wconf 95' lang='lat' dir='ltr'>c.</span> <span class='ocrx_word' id='word_1_6' title='bbox 759 533 812 615; x_wconf 89' lang='lat'>16,</span> <span class='ocrx_word' id='word_1_7' title='bbox 835 554 894 614; x_wconf 92' lang='lat' dir='ltr'>quo</span> <span class='ocrx_word' id='word_1_8' title='bbox 919 535 1037 594; x_wconf 92' lang='lat' dir='ltr'>nomine</span> <span class='ocrx_word' id='word_1_9' title='bbox 1059 535 1117 592; x_wconf 90' lang='lat' dir='ltr'>iam</span> <span class='ocrx_word' id='word_1_10' title='bbox 1141 540 1208 594; x_wconf 88' lang='lat' dir='ltr'>ante</span> <span class='ocrx_word' id='word_1_11' title='bbox 1232 531 1421 592; x_wconf 74' lang='lat' dir='ltr'><strong>Aristotelem</strong></span> 
     </span>
     <span class='ocr_line' id='line_1_3' title="bbox 253 630 890 712; baseline 0 -20"><span class='ocrx_word' id='word_1_12' title='bbox 253 631 335 692; x_wconf 88' lang='lat' dir='ltr'>Plato</span> <span class='ocrx_word' id='word_1_13' title='bbox 359 652 431 694; x_wconf 89' lang='lat' dir='ltr'>usus</span> <span class='ocrx_word' id='word_1_14' title='bbox 454 643 500 694; x_wconf 89' lang='lat' dir='ltr'>est</span> <span class='ocrx_word' id='word_1_15' title='bbox 523 633 560 693; x_wconf 88' lang='lat' dir='ltr'>de</span> <span class='ocrx_word' id='word_1_16' title='bbox 583 651 646 710; x_wconf 92' lang='lat' dir='ltr'>rep.</span> <span class='ocrx_word' id='word_1_17' title='bbox 670 631 694 692; x_wconf 84' lang='lat' dir='ltr'><strong>x</strong></span> <span class='ocrx_word' id='word_1_18' title='bbox 718 651 746 712; x_wconf 91' lang='lat' dir='ltr'>p.</span> <span class='ocrx_word' id='word_1_19' title='bbox 769 630 835 694; x_wconf 93' lang='grc'>614</span> <span class='ocrx_word' id='word_1_20' title='bbox 858 632 890 692; x_wconf 91' lang='lat' dir='ltr'>B.</span> 
     </span>
    </p>

    <p class='ocr_par' dir='ltr' id='par_1_3' title="bbox 246 726 1423 3539">
     <span class='ocr_line' id='line_1_4' title="bbox 341 726 1422 832; baseline -0.003 -40"><span class='ocrx_word' id='word_1_21' title='bbox 341 729 361 807; x_wconf 66' lang='grc' dir='ltr'>ἐ</span> <span class='ocrx_word' id='word_1_22' title='bbox 391 729 419 792; x_wconf 80' lang='grc'>2.</span> <span class='ocrx_word' id='word_1_23' title='bbox 467 729 574 792; x_wconf 88' lang='lat' dir='ltr'>Verum</span> <span class='ocrx_word' id='word_1_24' title='bbox 608 732 664 790; x_wconf 91' lang='lat' dir='ltr'>iam</span> <span class='ocrx_word' id='word_1_25' title='bbox 698 748 733 790; x_wconf 81' lang='lat' dir='ltr'>en</span> <span class='ocrx_word' id='word_1_26' title='bbox 761 749 820 808; x_wconf 92' lang='lat' dir='ltr'>quo</span> <span class='ocrx_word' id='word_1_27' title='bbox 848 739 980 808; x_wconf 89' lang='lat' dir='ltr'>tempore</span> <span class='ocrx_word' id='word_1_28' title='bbox 1009 728 1128 788; x_wconf 82' lang='lat' dir='ltr'>Homeri</span> <span class='ocrx_word' id='word_1_29' title='bbox 1157 729 1295 832; x_wconf 51' lang='lat' dir='ltr'>carmina·</span> <span class='ocrx_word' id='word_1_30' title='bbox 1314 726 1422 789; x_wconf 90' lang='lat' dir='ltr'>litteris</span> 
     </span>
     <span class='ocr_line' id='line_1_5' title="bbox 252 825 1422 906; baseline -0.001 -18"><span class='ocrx_word' id='word_1_31' title='bbox 252 828 385 889; x_wconf 89' lang='lat' dir='ltr'>mandari</span> <span class='ocrx_word' id='word_1_32' title='bbox 404 835 507 906; x_wconf 89' lang='lat' dir='ltr'>coepta</span> <span class='ocrx_word' id='word_1_33' title='bbox 528 835 607 906; x_wconf 89' lang='lat' dir='ltr'>sunt,</span> <span class='ocrx_word' id='word_1_34' title='bbox 625 845 684 887; x_wconf 92' lang='lat' dir='ltr'>nou</span> <span class='ocrx_word' id='word_1_35' title='bbox 705 831 861 888; x_wconf 91' lang='lat' dir='ltr'>continuas</span> <span class='ocrx_word' id='word_1_36' title='bbox 875 825 993 886; x_wconf 76' lang='lat' dir='ltr'><strong>Iliadem</strong></span> <span class='ocrx_word' id='word_1_37' title='bbox 1012 833 1042 885; x_wconf 90' lang='lat' dir='ltr'>et</span> <span class='ocrx_word' id='word_1_38' title='bbox 1056 825 1216 904; x_wconf 83' lang='lat' dir='ltr'>Odysseam</span> <span class='ocrx_word' id='word_1_39' title='bbox 1232 829 1422 906; x_wconf 88' lang='lat' dir='ltr'>perscriptas,</span> 
     </span>
     <span class='ocr_line' id='line_1_6' title="bbox 252 923 1422 1006; baseline -0.002 -20"><span class='ocrx_word' id='word_1_40' title='bbox 252 927 302 986; x_wconf 87' lang='lat' dir='ltr'>sed</span> <span class='ocrx_word' id='word_1_41' title='bbox 336 925 468 1006; x_wconf 87' lang='lat' dir='ltr'>singulas</span> <span class='ocrx_word' id='word_1_42' title='bbox 501 933 602 1005; x_wconf 91' lang='lat' dir='ltr'>partes</span> <span class='ocrx_word' id='word_1_43' title='bbox 630 943 748 1003; x_wconf 87' lang='lat' dir='ltr'>smpum</span> <span class='ocrx_word' id='word_1_44' title='bbox 777 942 935 1003; x_wconf 82' lang='lat' dir='ltr'>operarum</span> <span class='ocrx_word' id='word_1_45' title='bbox 963 923 1106 983; x_wconf 86' lang='lat' dir='ltr'>discretas</span> <span class='ocrx_word' id='word_1_46' title='bbox 1134 932 1164 982; x_wconf 88' lang='lat' dir='ltr'>et</span> <span class='ocrx_word' id='word_1_47' title='bbox 1191 941 1246 984; x_wconf 93' lang='lat' dir='ltr'>suo</span> <span class='ocrx_word' id='word_1_48' title='bbox 1274 941 1422 1004; x_wconf 88' lang='lat' dir='ltr'>quamque</span> 
     </span>
     <span class='ocr_line' id='line_1_7' title="bbox 251 1020 1422 1102; baseline 0 -20"><span class='ocrx_word' id='word_1_49' title='bbox 251 1023 338 1083; x_wconf 91' lang='lat' dir='ltr'>titulo</span> <span class='ocrx_word' id='word_1_50' title='bbox 357 1026 387 1084; x_wconf 89' lang='lat' dir='ltr'>in</span> <span class='ocrx_word' id='word_1_51' title='bbox 407 1023 569 1102; x_wconf 84' lang='lat' dir='ltr'>exemplari</span> <span class='ocrx_word' id='word_1_52' title='bbox 582 1022 755 1084; x_wconf 86' lang='lat' dir='ltr'>Pisistrateo</span> <span class='ocrx_word' id='word_1_53' title='bbox 775 1031 862 1100; x_wconf 88' lang='lat' dir='ltr'>atque</span> <span class='ocrx_word' id='word_1_54' title='bbox 882 1023 911 1080; x_wconf 92' lang='lat' dir='ltr'>iu</span> <span class='ocrx_word' id='word_1_55' title='bbox 927 1038 978 1080; x_wconf 90' lang='lat' dir='ltr'>ore</span> <span class='ocrx_word' id='word_1_56' title='bbox 994 1020 1145 1080; x_wconf 91' lang='lat' dir='ltr'>hominum</span> <span class='ocrx_word' id='word_1_57' title='bbox 1160 1023 1315 1098; x_wconf 87' lang='lat' dir='ltr'>insignitas</span> <span class='ocrx_word' id='word_1_58' title='bbox 1329 1022 1422 1082; x_wconf 89' lang='lat' dir='ltr'>luisse</span> 
     </span>
     <span class='ocr_line' id='line_1_8' title="bbox 250 1115 1421 1201; baseline -0.001 -22"><span class='ocrx_word' id='word_1_59' title='bbox 250 1139 394 1201; x_wconf 77' lang='lat' dir='ltr'><strong>perquam</strong></span> <span class='ocrx_word' id='word_1_60' title='bbox 426 1125 487 1182; x_wconf 88' lang='lat' dir='ltr'>veri</span> <span class='ocrx_word' id='word_1_61' title='bbox 510 1120 606 1182; x_wconf 89' lang='lat' dir='ltr'>simile</span> <span class='ocrx_word' id='word_1_62' title='bbox 630 1131 683 1181; x_wconf 90' lang='lat' dir='ltr'>est.</span> <span class='ocrx_word' id='word_1_63' title='bbox 730 1115 829 1189; x_wconf 82' lang='lat' dir='ltr'>Quid?</span> <span class='ocrx_word' id='word_1_64' title='bbox 856 1118 934 1198; x_wconf 90' lang='lat' dir='ltr'>quod</span> <span class='ocrx_word' id='word_1_65' title='bbox 959 1135 994 1178; x_wconf 83' lang='lat' dir='ltr'>ex</span> <span class='ocrx_word' id='word_1_66' title='bbox 1019 1116 1136 1179; x_wconf 89' lang='lat' dir='ltr'>Solonis</span> <span class='ocrx_word' id='word_1_67' title='bbox 1159 1126 1332 1198; x_wconf 90' lang='lat' dir='ltr'>praecepto,</span> <span class='ocrx_word' id='word_1_68' title='bbox 1361 1137 1421 1198; x_wconf 92' lang='lat' dir='ltr'>quo</span> 
     </span>
     <span class='ocr_line' id='line_1_9' title="bbox 252 1215 1421 1298; baseline 0.002 -21"><span class='ocrx_word' id='word_1_69' title='bbox 252 1217 391 1298; x_wconf 89' lang='lat' dir='ltr'>rhapsodi</span> <span class='ocrx_word' id='word_1_70' title='bbox 420 1221 450 1278; x_wconf 91' lang='lat' dir='ltr'>in</span> <span class='ocrx_word' id='word_1_71' title='bbox 479 1219 607 1297; x_wconf 89' lang='lat' dir='ltr'>publicis</span> <span class='ocrx_word' id='word_1_72' title='bbox 635 1219 728 1278; x_wconf 88' lang='lat' dir='ltr'>sacris</span> <span class='ocrx_word' id='word_1_73' title='bbox 756 1219 886 1278; x_wconf 90' lang='lat' dir='ltr'>carmina</span> <span class='ocrx_word' id='word_1_74' title='bbox 910 1215 1030 1276; x_wconf 83' lang='lat' dir='ltr'>Homeri</span> <span class='ocrx_word' id='word_1_75' title='bbox 1057 1218 1098 1276; x_wconf 90' lang='lat' dir='ltr'>ita</span> <span class='ocrx_word' id='word_1_76' title='bbox 1126 1217 1267 1296; x_wconf 81' lang='lat' dir='ltr'><strong>deinceps</strong></span> <span class='ocrx_word' id='word_1_77' title='bbox 1294 1220 1421 1279; x_wconf 86' lang='lat' dir='ltr'>recitare</span> 
     </span>
     <span class='ocr_line' id='line_1_10' title="bbox 251 1309 1422 1398; baseline 0.003 -24"><span class='ocrx_word' id='word_1_78' title='bbox 251 1317 445 1396; x_wconf 89' lang='lat' dir='ltr'>iubebantur,</span> <span class='ocrx_word' id='word_1_79' title='bbox 471 1326 505 1378; x_wconf 90' lang='lat' dir='ltr'>ut</span> <span class='ocrx_word' id='word_1_80' title='bbox 536 1317 586 1378; x_wconf 93' lang='lat' dir='ltr'>ubi</span> <span class='ocrx_word' id='word_1_81' title='bbox 614 1319 696 1396; x_wconf 92' lang='lat' dir='ltr'>prior</span> <span class='ocrx_word' id='word_1_82' title='bbox 724 1317 874 1392; x_wconf 80' lang='lat' dir='ltr'>desiisset,</span> <span class='ocrx_word' id='word_1_83' title='bbox 902 1313 970 1374; x_wconf 89' lang='lat' dir='ltr'>inde</span> <span class='ocrx_word' id='word_1_84' title='bbox 997 1313 1072 1374; x_wconf 88' lang='lat' dir='ltr'>alter</span> <span class='ocrx_word' id='word_1_85' title='bbox 1099 1309 1285 1398; x_wconf 90' lang='lat' dir='ltr'>pergeret¹),</span> <span class='ocrx_word' id='word_1_86' title='bbox 1318 1325 1422 1377; x_wconf 88' lang='lat' dir='ltr'>nostro</span> 
     </span>
     <span class='ocr_line' id='line_1_11' title="bbox 250 1410 1421 1494; baseline 0.001 -21"><span class='ocrx_word' id='word_1_87' title='bbox 250 1415 315 1474; x_wconf 87' lang='lat' dir='ltr'>iure</span> <span class='ocrx_word' id='word_1_88' title='bbox 340 1414 546 1476; x_wconf 85' lang='lat' dir='ltr'>concludimus</span> <span class='ocrx_word' id='word_1_89' title='bbox 569 1418 626 1476; x_wconf 87' lang='lat' dir='ltr'>iarn</span> <span class='ocrx_word' id='word_1_90' title='bbox 650 1423 717 1475; x_wconf 90' lang='lat' dir='ltr'>ante</span> <span class='ocrx_word' id='word_1_91' title='bbox 737 1414 926 1474; x_wconf 79' lang='lat' dir='ltr'>Pisistratum</span> <span class='ocrx_word' id='word_1_92' title='bbox 950 1413 1080 1472; x_wconf 92' lang='lat' dir='ltr'>carmina</span> <span class='ocrx_word' id='word_1_93' title='bbox 1099 1410 1198 1473; x_wconf 79' lang='lat' dir='ltr'>iliadis</span> <span class='ocrx_word' id='word_1_94' title='bbox 1221 1422 1251 1472; x_wconf 90' lang='lat' dir='ltr'>et</span> <span class='ocrx_word' id='word_1_95' title='bbox 1272 1413 1421 1494; x_wconf 77' lang='lat' dir='ltr'>Odysseae</span> 
     </span>
     <span class='ocr_line' id='line_1_12' title="bbox 251 1509 1418 1610; baseline 0.002 -39"><span class='ocrx_word' id='word_1_96' title='bbox 251 1522 386 1590; x_wconf 89' lang='lat' dir='ltr'>separata</span> <span class='ocrx_word' id='word_1_97' title='bbox 419 1521 449 1573; x_wconf 87' lang='lat' dir='ltr'>et</span> <span class='ocrx_word' id='word_1_98' title='bbox 477 1533 492 1572; x_wconf 91' lang='lat' dir='ltr'>a</span> <span class='ocrx_word' id='word_1_99' title='bbox 521 1513 677 1592; x_wconf 88' lang='lat' dir='ltr'>rhapsodls</span> <span class='ocrx_word' id='word_1_100' title='bbox 706 1514 796 1610; x_wconf 68' lang='lat' dir='ltr'>corgis</span> <span class='ocrx_word' id='word_1_101' title='bbox 825 1509 995 1570; x_wconf 89' lang='lat' dir='ltr'>nominibus</span> <span class='ocrx_word' id='word_1_102' title='bbox 1023 1509 1162 1571; x_wconf 91' lang='lat' dir='ltr'>distincta</span> <span class='ocrx_word' id='word_1_103' title='bbox 1190 1512 1291 1572; x_wconf 89' lang='lat' dir='ltr'>luisse.</span> <span class='ocrx_word' id='word_1_104' title='bbox 1337 1512 1418 1584; x_wconf 87' lang='lat' dir='ltr'>Quae</span> 
     </span>
     <span class='ocr_line' id='line_1_13' title="bbox 252 1607 1422 1690; baseline 0.002 -22"><span class='ocrx_word' id='word_1_105' title='bbox 252 1607 299 1670; x_wconf 89' lang='lat' dir='ltr'>illa</span> <span class='ocrx_word' id='word_1_106' title='bbox 320 1611 449 1671; x_wconf 88' lang='lat' dir='ltr'>carmina</span> <span class='ocrx_word' id='word_1_107' title='bbox 472 1612 592 1690; x_wconf 87' lang='lat' dir='ltr'>luerint,</span> <span class='ocrx_word' id='word_1_108' title='bbox 616 1613 646 1670; x_wconf 92' lang='lat' dir='ltr'>in</span> <span class='ocrx_word' id='word_1_109' title='bbox 666 1611 770 1690; x_wconf 90' lang='lat' dir='ltr'>primis</span> <span class='ocrx_word' id='word_1_110' title='bbox 790 1609 908 1668; x_wconf 91' lang='lat' dir='ltr'>nomina</span> <span class='ocrx_word' id='word_1_111' title='bbox 927 1615 1075 1668; x_wconf 90' lang='lat' dir='ltr'>testantur</span> <span class='ocrx_word' id='word_1_112' title='bbox 1094 1627 1109 1667; x_wconf 93' lang='lat' dir='ltr'>a</span> <span class='ocrx_word' id='word_1_113' title='bbox 1130 1608 1279 1669; x_wconf 88' lang='lat' dir='ltr'>veteribus</span> <span class='ocrx_word' id='word_1_114' title='bbox 1298 1610 1422 1688; x_wconf 90' lang='lat' dir='ltr'>scripto-</span> 
     </span>
     <span class='ocr_line' id='line_1_14' title="bbox 251 1704 1422 1786; baseline 0 -18"><span class='ocrx_word' id='word_1_115' title='bbox 251 1707 334 1768; x_wconf 92' lang='lat' dir='ltr'>ribus</span> <span class='ocrx_word' id='word_1_116' title='bbox 370 1717 399 1768; x_wconf 86' lang='lat' dir='ltr'>et</span> <span class='ocrx_word' id='word_1_117' title='bbox 427 1712 625 1786; x_wconf 80' lang='lat' dir='ltr'>grammaticis</span> <span class='ocrx_word' id='word_1_118' title='bbox 655 1710 812 1769; x_wconf 87' lang='lat' dir='ltr'>memoriae</span> <span class='ocrx_word' id='word_1_119' title='bbox 841 1704 964 1784; x_wconf 87' lang='lat' dir='ltr'>prodita.</span> <span class='ocrx_word' id='word_1_120' title='bbox 1010 1707 1106 1784; x_wconf 79' lang='lat' dir='ltr'>Atque</span> <span class='ocrx_word' id='word_1_121' title='bbox 1135 1704 1273 1767; x_wconf 78' lang='lat' dir='ltr'>Aelianus</span> <span class='ocrx_word' id='word_1_122' title='bbox 1302 1708 1422 1786; x_wconf 91' lang='lat' dir='ltr'>quidem</span> 
     </span>
     <span class='ocr_line' id='line_1_15' title="bbox 252 1802 1421 1884; baseline 0 -20"><span class='ocrx_word' id='word_1_123' title='bbox 252 1823 358 1865; x_wconf 89' lang='lat' dir='ltr'>recens</span> <span class='ocrx_word' id='word_1_124' title='bbox 385 1807 608 1884; x_wconf 91' lang='lat' dir='ltr'>grammaticus,</span> <span class='ocrx_word' id='word_1_125' title='bbox 632 1805 683 1866; x_wconf 88' lang='lat' dir='ltr'>sed</span> <span class='ocrx_word' id='word_1_126' title='bbox 708 1806 760 1884; x_wconf 90' lang='lat' dir='ltr'>qui</span> <span class='ocrx_word' id='word_1_127' title='bbox 784 1813 913 1864; x_wconf 85' lang='lat' dir='ltr'>veterem</span> <span class='ocrx_word' id='word_1_128' title='bbox 938 1803 1043 1862; x_wconf 91' lang='lat' dir='ltr'>lamam</span> <span class='ocrx_word' id='word_1_129' title='bbox 1067 1809 1097 1863; x_wconf 86' lang='lat' dir='ltr'>et</span> <span class='ocrx_word' id='word_1_130' title='bbox 1119 1802 1226 1882; x_wconf 89' lang='lat' dir='ltr'>placita</span> <span class='ocrx_word' id='word_1_131' title='bbox 1250 1803 1421 1866; x_wconf 76' lang='lat' dir='ltr'>Alexandri·</span> 
     </span>
     <span class='ocr_line' id='line_1_16' title="bbox 251 1893 1423 1985; baseline 0.003 -23"><span class='ocrx_word' id='word_1_132' title='bbox 251 1919 356 1963; x_wconf 92' lang='lat' dir='ltr'>uorum</span> <span class='ocrx_word' id='word_1_133' title='bbox 384 1901 579 1982; x_wconf 86' lang='lat' dir='ltr'>sequebatur,</span> <span class='ocrx_word' id='word_1_134' title='bbox 603 1905 633 1962; x_wconf 90' lang='lat' dir='ltr'>in</span> <span class='ocrx_word' id='word_1_135' title='bbox 654 1921 712 1962; x_wconf 87' lang='lat' dir='ltr'>var.</span> <span class='ocrx_word' id='word_1_136' title='bbox 732 1901 799 1962; x_wconf 87' lang='lat' dir='ltr'>hist.</span> <span class='ocrx_word' id='word_1_137' title='bbox 819 1898 887 1960; x_wconf 89' lang='lat' dir='ltr'>Xlll</span> <span class='ocrx_word' id='word_1_138' title='bbox 911 1897 950 1959; x_wconf 89' lang='grc'>14</span> <span class='ocrx_word' id='word_1_139' title='bbox 969 1899 1041 1960; x_wconf 88' lang='lat' dir='ltr'>haec</span> <span class='ocrx_word' id='word_1_140' title='bbox 1060 1899 1188 1960; x_wconf 92' lang='lat' dir='ltr'>rettulit:</span> <span class='ocrx_word' id='word_1_141' title='bbox 1216 1893 1263 1962; x_wconf 84' lang='grc' dir='ltr'>Τὰ</span> <span class='ocrx_word' id='word_1_142' title='bbox 1277 1893 1423 1985; x_wconf 84' lang='grc' dir='ltr'><em>Ὁμήρου</em></span> 
     </span>
     <span class='ocr_line' id='line_1_17' title="bbox 250 1983 1421 2082; baseline 0.001 -23"><span class='ocrx_word' id='word_1_143' title='bbox 250 1998 311 2080; x_wconf 77' lang='grc' dir='ltr'>ἔπη</span> <span class='ocrx_word' id='word_1_144' title='bbox 339 1992 502 2079; x_wconf 80' lang='grc' dir='ltr'><em>πρότερον</em></span> <span class='ocrx_word' id='word_1_145' title='bbox 532 1993 715 2082; x_wconf 76' lang='grc' dir='ltr'><em>διῃρημένα</em></span> <span class='ocrx_word' id='word_1_146' title='bbox 742 1984 828 2080; x_wconf 77' lang='grc' dir='ltr'><em>ᾖδον</em></span> <span class='ocrx_word' id='word_1_147' title='bbox 856 1993 892 2059; x_wconf 76' lang='lat' dir='ltr'>oi</span> <span class='ocrx_word' id='word_1_148' title='bbox 917 1995 1064 2058; x_wconf 81' lang='grc' dir='ltr'><em>παλαιοί·</em></span> <span class='ocrx_word' id='word_1_149' title='bbox 1099 1983 1174 2058; x_wconf 79' lang='grc' dir='ltr'><em>οἷον</em></span> <span class='ocrx_word' id='word_1_150' title='bbox 1204 1995 1320 2078; x_wconf 75' lang='grc' dir='ltr'><em>ἔλεγον</em></span> <span class='ocrx_word' id='word_1_151' title='bbox 1352 1991 1421 2079; x_wconf 85' lang='grc' dir='ltr'><em>Τὴν</em></span> 
     </span>
     <span class='ocr_line' id='line_1_18' title="bbox 250 2084 1421 2178; baseline 0.003 -22"><span class='ocrx_word' id='word_1_152' title='bbox 250 2089 301 2156; x_wconf 74' lang='grc' dir='ltr'>ἐπὶ</span> <span class='ocrx_word' id='word_1_153' title='bbox 335 2090 434 2157; x_wconf 78' lang='grc' dir='ltr'><em>ναυσὶ</em></span> <span class='ocrx_word' id='word_1_154' title='bbox 467 2089 577 2178; x_wconf 83' lang='grc' dir='ltr'><em>μάχην</em></span> <span class='ocrx_word' id='word_1_155' title='bbox 611 2091 666 2157; x_wconf 81' lang='grc' dir='ltr'>καί</span> <span class='ocrx_word' id='word_1_156' title='bbox 700 2087 897 2157; x_wconf 84' lang='grc' dir='ltr'><em>Δολιόνειάν</em></span> <span class='ocrx_word' id='word_1_157' title='bbox 928 2114 1004 2155; x_wconf 87' lang='grc' dir='ltr'><em>τινα</em></span> <span class='ocrx_word' id='word_1_158' title='bbox 1035 2087 1090 2155; x_wconf 84' lang='grc' dir='ltr'>καί</span> <span class='ocrx_word' id='word_1_159' title='bbox 1120 2084 1304 2176; x_wconf 84' lang='grc' dir='ltr'><em>Ἀριστείαν</em></span> <span class='ocrx_word' id='word_1_160' title='bbox 1329 2087 1421 2176; x_wconf 81' lang='grc' dir='ltr'><em>Ἀνα-</em></span> 
     </span>
     <span class='ocr_line' id='line_1_19' title="bbox 248 2183 1421 2277; baseline 0.001 -23"><span class='ocrx_word' id='word_1_161' title='bbox 248 2189 414 2277; x_wconf 78' lang='grc' dir='ltr'><em>μίμνονος</em></span> <span class='ocrx_word' id='word_1_162' title='bbox 446 2187 499 2254; x_wconf 83' lang='grc' dir='ltr'>καί</span> <span class='ocrx_word' id='word_1_163' title='bbox 529 2193 629 2258; x_wconf 79' lang='grc' dir='ltr'><em>Νεῶν</em></span> <span class='ocrx_word' id='word_1_164' title='bbox 662 2189 848 2272; x_wconf 81' lang='grc' dir='ltr'><em>κατάλογον</em></span> <span class='ocrx_word' id='word_1_165' title='bbox 877 2185 932 2252; x_wconf 82' lang='grc' dir='ltr'>καὶ</span> <span class='ocrx_word' id='word_1_166' title='bbox 963 2183 1194 2271; x_wconf 83' lang='grc' dir='ltr'><em>Πατρόκλειαν</em></span> <span class='ocrx_word' id='word_1_167' title='bbox 1222 2187 1277 2252; x_wconf 82' lang='grc' dir='ltr'>καὶ</span> <span class='ocrx_word' id='word_1_168' title='bbox 1306 2185 1421 2273; x_wconf 82' lang='grc' dir='ltr'><em>Λύτρα</em></span> 
     </span>
     <span class='ocr_line' id='line_1_20' title="bbox 248 2277 1420 2378; baseline 0.003 -28"><span class='ocrx_word' id='word_1_169' title='bbox 248 2284 303 2350; x_wconf 78' lang='grc' dir='ltr'>καὶ</span> <span class='ocrx_word' id='word_1_170' title='bbox 330 2281 400 2351; x_wconf 80' lang='grc' dir='ltr'>Ἐπὶ</span> <span class='ocrx_word' id='word_1_171' title='bbox 424 2285 608 2378; x_wconf 76' lang='grc' dir='ltr'><strong><em>Πατρόκλῳ</em></strong></span> <span class='ocrx_word' id='word_1_172' title='bbox 637 2277 727 2352; x_wconf 82' lang='grc' dir='ltr'><em>ἆθλα</em></span> <span class='ocrx_word' id='word_1_173' title='bbox 753 2285 808 2352; x_wconf 83' lang='grc' dir='ltr'>καί</span> <span class='ocrx_word' id='word_1_174' title='bbox 827 2281 967 2373; x_wconf 81' lang='grc' dir='ltr'><em>Ὀρκίιον</em></span> <span class='ocrx_word' id='word_1_175' title='bbox 995 2279 1172 2368; x_wconf 71' lang='grc' dir='ltr'>ἀφάνισινΙ</span> <span class='ocrx_word' id='word_1_176' title='bbox 1204 2288 1308 2351; x_wconf 80' lang='grc' dir='ltr'><em>ταῦτα</em></span> <span class='ocrx_word' id='word_1_177' title='bbox 1336 2283 1420 2374; x_wconf 73' lang='grc' dir='ltr'>ὑπὲρ</span> 
     </span>
     <span class='ocr_line' id='line_1_21' title="bbox 247 2379 1420 2472; baseline 0.004 -24"><span class='ocrx_word' id='word_1_178' title='bbox 247 2385 307 2468; x_wconf 80' lang='grc' dir='ltr'>τῆς</span> <span class='ocrx_word' id='word_1_179' title='bbox 332 2379 480 2462; x_wconf 73' lang='grc' dir='ltr'><em>Ἰλιάδος.</em></span> <span class='ocrx_word' id='word_1_180' title='bbox 527 2379 611 2470; x_wconf 72' lang='grc' dir='ltr'><em>ὑπὲρ</em></span> <span class='ocrx_word' id='word_1_181' title='bbox 643 2382 680 2450; x_wconf 76' lang='grc' dir='ltr'>δὲ</span> <span class='ocrx_word' id='word_1_182' title='bbox 713 2385 771 2469; x_wconf 82' lang='grc' dir='ltr'>τῆς</span> <span class='ocrx_word' id='word_1_183' title='bbox 803 2384 915 2468; x_wconf 79' lang='grc' dir='ltr'><em>ἑτέρας</em></span> <span class='ocrx_word' id='word_1_184' title='bbox 946 2379 993 2448; x_wconf 83' lang='grc' dir='ltr'>Τὰ</span> <span class='ocrx_word' id='word_1_185' title='bbox 1023 2383 1059 2448; x_wconf 85' lang='grc' dir='ltr'><em>ἐν</em></span> <span class='ocrx_word' id='word_1_186' title='bbox 1088 2381 1192 2472; x_wconf 79' lang='grc' dir='ltr'><em>Πύλῳ</em></span> <span class='ocrx_word' id='word_1_187' title='bbox 1220 2384 1275 2450; x_wconf 81' lang='grc' dir='ltr'>καὶ</span> <span class='ocrx_word' id='word_1_188' title='bbox 1307 2381 1354 2449; x_wconf 82' lang='grc' dir='ltr'>Τὰ</span> <span class='ocrx_word' id='word_1_189' title='bbox 1383 2389 1420 2453; x_wconf 83' lang='grc' dir='ltr'><em>ἐν</em></span> 
     </span>
     <span class='ocr_line' id='line_1_22' title="bbox 249 2475 1420 2568; baseline 0.003 -22"><span class='ocrx_word' id='word_1_190' title='bbox 249 2483 476 2566; x_wconf 79' lang='grc' dir='ltr'><em>Λακεδαίμονι</em></span> <span class='ocrx_word' id='word_1_191' title='bbox 504 2479 559 2547; x_wconf 81' lang='grc' dir='ltr'>καὶ</span> <span class='ocrx_word' id='word_1_192' title='bbox 583 2484 766 2562; x_wconf 75' lang='grc' dir='ltr'><em>Καλυψοῦς</em></span> <span class='ocrx_word' id='word_1_193' title='bbox 793 2477 918 2567; x_wconf 79' lang='grc' dir='ltr'><em>ἄντρον</em></span> <span class='ocrx_word' id='word_1_194' title='bbox 947 2479 1002 2546; x_wconf 80' lang='grc' dir='ltr'>καὶ</span> <span class='ocrx_word' id='word_1_195' title='bbox 1030 2475 1078 2545; x_wconf 78' lang='grc' dir='ltr'>Τὰ</span> <span class='ocrx_word' id='word_1_196' title='bbox 1100 2479 1175 2567; x_wconf 79' lang='grc' dir='ltr'><em>περὶ</em></span> <span class='ocrx_word' id='word_1_197' title='bbox 1199 2477 1260 2566; x_wconf 77' lang='grc' dir='ltr'><em>τὴν</em></span> <span class='ocrx_word' id='word_1_198' title='bbox 1284 2485 1420 2568; x_wconf 79' lang='grc' dir='ltr'><em>σχεδίαν</em></span> 
     </span>
     <span class='ocr_line' id='line_1_23' title="bbox 247 2573 1419 2664; baseline 0.004 -20"><span class='ocrx_word' id='word_1_199' title='bbox 247 2577 301 2644; x_wconf 80' lang='grc' dir='ltr'>καὶ</span> <span class='ocrx_word' id='word_1_200' title='bbox 323 2573 477 2645; x_wconf 83' lang='grc' dir='ltr'><em>Ἀλκίνου</em></span> <span class='ocrx_word' id='word_1_201' title='bbox 504 2575 693 2664; x_wconf 80' lang='grc' dir='ltr'><em>ἄπολόγους</em></span> <span class='ocrx_word' id='word_1_202' title='bbox 716 2579 770 2646; x_wconf 83' lang='grc' dir='ltr'>καί</span> <span class='ocrx_word' id='word_1_203' title='bbox 796 2576 1015 2646; x_wconf 76' lang='grc' dir='ltr'><em>Κνκλώιιειαν</em></span> <span class='ocrx_word' id='word_1_204' title='bbox 1038 2576 1092 2643; x_wconf 77' lang='grc' dir='ltr'>καὶ</span> <span class='ocrx_word' id='word_1_205' title='bbox 1116 2579 1266 2646; x_wconf 81' lang='grc' dir='ltr'><em>Νίκαιαν</em></span> <span class='ocrx_word' id='word_1_206' title='bbox 1289 2580 1344 2646; x_wconf 83' lang='grc' dir='ltr'>καί</span> <span class='ocrx_word' id='word_1_207' title='bbox 1371 2581 1419 2650; x_wconf 83' lang='grc' dir='ltr'>Τὰ</span> 
     </span>
     <span class='ocr_line' id='line_1_24' title="bbox 247 2673 1419 2762; baseline 0.007 -22"><span class='ocrx_word' id='word_1_208' title='bbox 247 2679 304 2762; x_wconf 76' lang='grc' dir='ltr'>τῆς</span> <span class='ocrx_word' id='word_1_209' title='bbox 334 2680 460 2760; x_wconf 84' lang='grc' dir='ltr'><em>Κίρκης</em></span> <span class='ocrx_word' id='word_1_210' title='bbox 491 2674 545 2742; x_wconf 83' lang='grc' dir='ltr'>καὶ</span> <span class='ocrx_word' id='word_1_211' title='bbox 575 2681 709 2761; x_wconf 81' lang='grc' dir='ltr'><em>Νίπιρα</em></span> <span class='ocrx_word' id='word_1_212' title='bbox 741 2676 795 2742; x_wconf 78' lang='grc' dir='ltr'>καὶ</span> <span class='ocrx_word' id='word_1_213' title='bbox 825 2673 1040 2760; x_wconf 84' lang='grc' dir='ltr'><em>Μνηστήρων</em></span> <span class='ocrx_word' id='word_1_214' title='bbox 1073 2673 1184 2761; x_wconf 75' lang='grc' dir='ltr'><em>(μόνον</em></span> <span class='ocrx_word' id='word_1_215' title='bbox 1212 2676 1266 2742; x_wconf 79' lang='grc' dir='ltr'>καὶ</span> <span class='ocrx_word' id='word_1_216' title='bbox 1300 2675 1347 2744; x_wconf 83' lang='grc' dir='ltr'>Τὰ</span> <span class='ocrx_word' id='word_1_217' title='bbox 1382 2682 1419 2748; x_wconf 83' lang='grc' dir='ltr'><em>ἐν</em></span> 
     </span>
     <span class='ocr_line' id='line_1_25' title="bbox 246 2768 1417 2864; baseline 0.005 -27"><span class='ocrx_word' id='word_1_218' title='bbox 246 2769 337 2864; x_wconf 75' lang='grc' dir='ltr'><em>ἀγρῷ</em></span> <span class='ocrx_word' id='word_1_219' title='bbox 363 2771 417 2838; x_wconf 83' lang='grc' dir='ltr'>καί</span> <span class='ocrx_word' id='word_1_220' title='bbox 440 2768 480 2838; x_wconf 79' lang='grc' dir='ltr'>τὰ</span> <span class='ocrx_word' id='word_1_221' title='bbox 507 2773 542 2839; x_wconf 82' lang='grc' dir='ltr'><em>ίν</em></span> <span class='ocrx_word' id='word_1_222' title='bbox 563 2774 724 2861; x_wconf 79' lang='grc' dir='ltr'><em>Λαέρτου.</em></span> <span class='ocrx_word' id='word_1_223' title='bbox 766 2779 818 2839; x_wconf 92' lang='lat' dir='ltr'>His</span> <span class='ocrx_word' id='word_1_224' title='bbox 840 2778 935 2839; x_wconf 90' lang='lat' dir='ltr'>titulis</span> <span class='ocrx_word' id='word_1_225' title='bbox 958 2779 1132 2858; x_wconf 86' lang='lat' dir='ltr'>carminum,</span> <span class='ocrx_word' id='word_1_226' title='bbox 1155 2779 1264 2859; x_wconf 90' lang='lat' dir='ltr'>quibus</span> <span class='ocrx_word' id='word_1_227' title='bbox 1284 2780 1417 2843; x_wconf 93' lang='lat' dir='ltr'>Homeri·</span> 
     </span>
     <span class='ocr_line' id='line_1_26' title="bbox 247 2866 1419 2960; baseline 0.005 -24"><span class='ocrx_word' id='word_1_228' title='bbox 247 2895 315 2936; x_wconf 90' lang='lat' dir='ltr'>cum</span> <span class='ocrx_word' id='word_1_229' title='bbox 335 2866 455 2936; x_wconf 77' lang='lat' dir='ltr'>“lando</span> <span class='ocrx_word' id='word_1_230' title='bbox 477 2867 607 2956; x_wconf 84' lang='grc' dir='ltr'><em>κόσμον</em></span> <span class='ocrx_word' id='word_1_231' title='bbox 630 2873 698 2956; x_wconf 81' lang='lat' dir='ltr'>(Od.</span> <span class='ocrx_word' id='word_1_232' title='bbox 727 2872 855 2956; x_wconf 74' lang='grc'>6492)</span> <span class='ocrx_word' id='word_1_233' title='bbox 880 2876 1029 2955; x_wconf 82' lang='lat' dir='ltr'>eortleras,</span> <span class='ocrx_word' id='word_1_234' title='bbox 1054 2877 1199 2939; x_wconf 88' lang='lat' dir='ltr'>accedunt</span> <span class='ocrx_word' id='word_1_235' title='bbox 1222 2872 1419 2960; x_wconf 72' lang='grc' dir='ltr'><em>Διομήδους</em></span> 
     </span>
     <span class='ocr_line' id='line_1_27' title="bbox 246 2964 1417 3054; baseline 0.006 -22"><span class='ocrx_word' id='word_1_236' title='bbox 246 2964 410 3054; x_wconf 81' lang='grc' dir='ltr'><em>ἀριστεία,</em></span> <span class='ocrx_word' id='word_1_237' title='bbox 443 2975 529 3034; x_wconf 92' lang='lat' dir='ltr'>cuius</span> <span class='ocrx_word' id='word_1_238' title='bbox 563 2991 666 3034; x_wconf 86' lang='lat' dir='ltr'>versus</span> <span class='ocrx_word' id='word_1_239' title='bbox 694 2974 713 3034; x_wconf 91' lang='lat' dir='ltr'>Z</span> <span class='ocrx_word' id='word_1_240' title='bbox 743 2971 918 3035; x_wconf 76' lang='lat'>289—292</span> <span class='ocrx_word' id='word_1_241' title='bbox 952 2973 988 3034; x_wconf 88' lang='lat' dir='ltr'>ab</span> <span class='ocrx_word' id='word_1_242' title='bbox 1017 2973 1165 3036; x_wconf 87' lang='lat' dir='ltr'>Herodoto</span> <span class='ocrx_word' id='word_1_243' title='bbox 1200 2975 1224 3035; x_wconf 98' lang='lat' dir='ltr'>ll</span> <span class='ocrx_word' id='word_1_244' title='bbox 1261 2976 1323 3038; x_wconf 86' lang='grc'>116</span> <span class='ocrx_word' id='word_1_245' title='bbox 1356 2979 1417 3040; x_wconf 91' lang='lat' dir='ltr'>lau·</span> 
     </span>
     <span class='ocr_line' id='line_1_28' title="bbox 246 3069 1416 3154; baseline 0.009 -24"><span class='ocrx_word' id='word_1_246' title='bbox 246 3070 367 3150; x_wconf 83' lang='lat' dir='ltr'>dantur,</span> <span class='ocrx_word' id='word_1_247' title='bbox 399 3077 428 3130; x_wconf 87' lang='lat' dir='ltr'>et</span> <span class='ocrx_word' id='word_1_248' title='bbox 457 3069 559 3131; x_wconf 80' lang='grc' dir='ltr'><em>Λιιαί</em></span> <span class='ocrx_word' id='word_1_249' title='bbox 588 3074 648 3132; x_wconf 90' lang='lat' dir='ltr'>slve</span> <span class='ocrx_word' id='word_1_250' title='bbox 681 3072 788 3150; x_wconf 89' lang='lat' dir='ltr'>legatio</span> <span class='ocrx_word' id='word_1_251' title='bbox 821 3074 989 3150; x_wconf 88' lang='lat' dir='ltr'>principum</span> <span class='ocrx_word' id='word_1_252' title='bbox 1017 3073 1160 3134; x_wconf 78' lang='lat' dir='ltr'>Achillem</span> <span class='ocrx_word' id='word_1_253' title='bbox 1193 3076 1416 3154; x_wconf 88' lang='lat' dir='ltr'>deprecantium</span> 
     </span>
     <span class='ocr_line' id='line_1_29' title="bbox 246 3165 1417 3256; baseline 0.009 -31"><span class='ocrx_word' id='word_1_254' title='bbox 246 3175 275 3226; x_wconf 91' lang='lat' dir='ltr'>ot</span> <span class='ocrx_word' id='word_1_255' title='bbox 307 3165 503 3246; x_wconf 79' lang='grc' dir='ltr'><em>Τειχομαχιά</em></span> <span class='ocrx_word' id='word_1_256' title='bbox 537 3187 552 3228; x_wconf 92' lang='lat' dir='ltr'>a</span> <span class='ocrx_word' id='word_1_257' title='bbox 581 3168 701 3230; x_wconf 90' lang='lat' dir='ltr'>Platone</span> <span class='ocrx_word' id='word_1_258' title='bbox 735 3171 764 3228; x_wconf 92' lang='lat' dir='ltr'>in</span> <span class='ocrx_word' id='word_1_259' title='bbox 796 3165 902 3248; x_wconf 79' lang='lat' dir='ltr'>Cratyl.</span> <span class='ocrx_word' id='word_1_260' title='bbox 930 3167 994 3230; x_wconf 80' lang='lat'>428</span> <span class='ocrx_word' id='word_1_261' title='bbox 1019 3169 1054 3249; x_wconf 84' lang='lat' dir='ltr'>C,</span> <span class='ocrx_word' id='word_1_262' title='bbox 1082 3169 1168 3250; x_wconf 89' lang='lat' dir='ltr'>Hipp.</span> <span class='ocrx_word' id='word_1_263' title='bbox 1196 3175 1265 3233; x_wconf 91' lang='lat' dir='ltr'>min.</span> <span class='ocrx_word' id='word_1_264' title='bbox 1290 3171 1355 3236; x_wconf 88' lang='grc'>364</span> <span class='ocrx_word' id='word_1_265' title='bbox 1378 3175 1417 3256; x_wconf 84' lang='grc' dir='ltr'>Ε,</span> 
     </span>
     <span class='ocr_line' id='line_1_30' title="bbox 247 3261 1417 3350; baseline 0.011 -28"><span class='ocrx_word' id='word_1_266' title='bbox 247 3263 315 3322; x_wconf 90' lang='lat' dir='ltr'>lone</span> <span class='ocrx_word' id='word_1_267' title='bbox 340 3261 405 3322; x_wconf 82' lang='lat'>539</span> <span class='ocrx_word' id='word_1_268' title='bbox 429 3262 450 3322; x_wconf 89' lang='lat' dir='ltr'>B</span> <span class='ocrx_word' id='word_1_269' title='bbox 475 3263 727 3328; x_wconf 74' lang='lat' dir='ltr'>commemoratae.</span> <span class='ocrx_word' id='word_1_270' title='bbox 775 3267 931 3328; x_wconf 88' lang='lat' dir='ltr'>Praeterea</span> <span class='ocrx_word' id='word_1_271' title='bbox 956 3269 986 3329; x_wconf 90' lang='lat' dir='ltr'>in</span> <span class='ocrx_word' id='word_1_272' title='bbox 1010 3269 1193 3348; x_wconf 91' lang='lat' dir='ltr'>nominibus,</span> <span class='ocrx_word' id='word_1_273' title='bbox 1215 3271 1325 3350; x_wconf 87' lang='lat' dir='ltr'>qulbus</span> <span class='ocrx_word' id='word_1_274' title='bbox 1348 3291 1417 3335; x_wconf 89' lang='lat' dir='ltr'>oum</span> 
     </span>
     <span class='ocr_line' id='line_1_31' title="bbox 246 3360 1418 3444; baseline 0.01 -24"><span class='ocrx_word' id='word_1_275' title='bbox 246 3379 260 3420; x_wconf 90' lang='lat' dir='ltr'>a</span> <span class='ocrx_word' id='word_1_276' title='bbox 277 3360 422 3421; x_wconf 79' lang='lat' dir='ltr'>Strabone</span> <span class='ocrx_word' id='word_1_277' title='bbox 437 3370 466 3421; x_wconf 90' lang='lat' dir='ltr'>et</span> <span class='ocrx_word' id='word_1_278' title='bbox 482 3364 510 3422; x_wconf 88' lang='lat' dir='ltr'>in</span> <span class='ocrx_word' id='word_1_279' title='bbox 528 3363 624 3424; x_wconf 90' lang='lat' dir='ltr'>tabula</span> <span class='ocrx_word' id='word_1_280' title='bbox 639 3363 724 3425; x_wconf 90' lang='lat' dir='ltr'>lliaca</span> <span class='ocrx_word' id='word_1_281' title='bbox 740 3373 802 3424; x_wconf 92' lang='lat' dir='ltr'>tum</span> <span class='ocrx_word' id='word_1_282' title='bbox 817 3364 854 3425; x_wconf 92' lang='lat' dir='ltr'>ab</span> <span class='ocrx_word' id='word_1_283' title='bbox 864 3363 1019 3426; x_wconf 88' lang='lat' dir='ltr'>Eustathlo</span> <span class='ocrx_word' id='word_1_284' title='bbox 1034 3366 1142 3444; x_wconf 84' lang='lat' dir='ltr'>singuli</span> <span class='ocrx_word' id='word_1_285' title='bbox 1156 3367 1225 3428; x_wconf 92' lang='lat' dir='ltr'>libri</span> <span class='ocrx_word' id='word_1_286' title='bbox 1237 3370 1418 3433; x_wconf 76' lang='lat' dir='ltr'>Aristarchei</span> 
     </span>
     <span class='ocr_line' id='line_1_32' title="bbox 247 3458 1417 3539; baseline 0.01 -21"><span class='ocrx_word' id='word_1_287' title='bbox 247 3458 427 3538; x_wconf 88' lang='lat' dir='ltr'>indicantur,</span> <span class='ocrx_word' id='word_1_288' title='bbox 457 3458 596 3539; x_wconf 86' lang='lat' dir='ltr'>reliquias</span> <span class='ocrx_word' id='word_1_289' title='bbox 621 3464 729 3521; x_wconf 84' lang='lat' dir='ltr'>veteris</span> <span class='ocrx_word' id='word_1_290' title='bbox 753 3462 1000 3524; x_wconf 88' lang='lat' dir='ltr'>denominationis</span> <span class='ocrx_word' id='word_1_291' title='bbox 1024 3471 1053 3523; x_wconf 89' lang='lat' dir='ltr'>et</span> <span class='ocrx_word' id='word_1_292' title='bbox 1077 3463 1228 3526; x_wconf 87' lang='lat' dir='ltr'>divisionis</span> <span class='ocrx_word' id='word_1_293' title='bbox 1252 3471 1417 3530; x_wconf 86' lang='lat' dir='ltr'>carminum</span> 
     </span>
    </p>
   </div>
   <div class='ocr_carea' id='block_1_3' title="bbox 242 3646 1417 4518">
    <p class='ocr_par' dir='ltr' id='par_1_4' title="bbox 242 3646 1417 4518">
     <span class='ocr_line' id='line_1_33' title="bbox 336 3646 1412 3728; baseline 0.014 -28"><span class='ocrx_word' id='word_1_294' title='bbox 336 3651 361 3716; x_wconf 92' lang='lat' dir='ltr'>l)</span> <span class='ocrx_word' id='word_1_295' title='bbox 381 3646 519 3718; x_wconf 77' lang='lat' dir='ltr'>Diogenes</span> <span class='ocrx_word' id='word_1_296' title='bbox 543 3648 635 3704; x_wconf 75' lang='lat' dir='ltr'>naen.</span> <span class='ocrx_word' id='word_1_297' title='bbox 662 3649 674 3702; x_wconf 95' lang='lat' dir='ltr'>I</span> <span class='ocrx_word' id='word_1_298' title='bbox 697 3655 730 3704; x_wconf 81' lang='lat' dir='ltr'>ot</span> <span class='ocrx_word' id='word_1_299' title='bbox 755 3647 853 3706; x_wconf 83' lang='grc' dir='ltr'><em>Σόλων</em></span> <span class='ocrx_word' id='word_1_300' title='bbox 877 3649 910 3706; x_wconf 79' lang='grc' dir='ltr'>τοὶ</span> <span class='ocrx_word' id='word_1_301' title='bbox 927 3649 1049 3723; x_wconf 81' lang='grc' dir='ltr'><em>Ὀμήρου</em></span> <span class='ocrx_word' id='word_1_302' title='bbox 1074 3649 1103 3719; x_wconf 73' lang='grc' dir='ltr'>ἕξ</span> <span class='ocrx_word' id='word_1_303' title='bbox 1127 3649 1269 3728; x_wconf 75' lang='grc' dir='ltr'><em>ὑποβολῆς</em></span> <span class='ocrx_word' id='word_1_304' title='bbox 1288 3657 1412 3728; x_wconf 74' lang='grc' dir='ltr'><em>γέγραφε</em></span> 
     </span>
     <span class='ocr_line' id='line_1_34' title="bbox 244 3721 1411 3808; baseline 0.013 -28"><span class='ocrx_word' id='word_1_305' title='bbox 244 3723 455 3799; x_wconf 72' lang='grc' dir='ltr'>ὅαψμδεῑσθαι,</span> <span class='ocrx_word' id='word_1_306' title='bbox 474 3725 535 3782; x_wconf 73' lang='grc' dir='ltr'><em>οἷον</em></span> <span class='ocrx_word' id='word_1_307' title='bbox 554 3721 625 3782; x_wconf 78' lang='grc' dir='ltr'><em>ὅπου</em></span> <span class='ocrx_word' id='word_1_308' title='bbox 644 3731 751 3798; x_wconf 75' lang='grc' dir='ltr'><em>πρῶτος</em></span> <span class='ocrx_word' id='word_1_309' title='bbox 771 3728 881 3799; x_wconf 76' lang='grc' dir='ltr'><em>ἔληξεν,</em></span> <span class='ocrx_word' id='word_1_310' title='bbox 902 3727 1016 3786; x_wconf 77' lang='grc' dir='ltr'><em>ἐκεῖθεν</em></span> <span class='ocrx_word' id='word_1_311' title='bbox 1035 3729 1175 3802; x_wconf 72' lang='grc' dir='ltr'><em>ἄρχεσθαι</em></span> <span class='ocrx_word' id='word_1_312' title='bbox 1194 3735 1245 3791; x_wconf 85' lang='grc' dir='ltr'><em>τὸν</em></span> <span class='ocrx_word' id='word_1_313' title='bbox 1265 3733 1411 3808; x_wconf 70' lang='grc' dir='ltr'><em>ἐχόμενον,</em></span> 
     </span>
     <span class='ocr_line' id='line_1_35' title="bbox 246 3807 1415 3882; baseline 0.01 -20"><span class='ocrx_word' id='word_1_314' title='bbox 246 3809 347 3862; x_wconf 84' lang='lat' dir='ltr'>bocum</span> <span class='ocrx_word' id='word_1_315' title='bbox 377 3807 450 3861; x_wconf 86' lang='lat' dir='ltr'>hono</span> <span class='ocrx_word' id='word_1_316' title='bbox 479 3807 700 3875; x_wconf 72' lang='lat' dir='ltr'>venalissimum,</span> <span class='ocrx_word' id='word_1_317' title='bbox 729 3811 806 3864; x_wconf 88' lang='lat' dir='ltr'>cuius</span> <span class='ocrx_word' id='word_1_318' title='bbox 833 3811 868 3866; x_wconf 87' lang='lat' dir='ltr'>de</span> <span class='ocrx_word' id='word_1_319' title='bbox 893 3811 1123 3882; x_wconf 74' lang='lat' dir='ltr'>interpretatione</span> <span class='ocrx_word' id='word_1_320' title='bbox 1148 3815 1238 3870; x_wconf 82' lang='lat' dir='ltr'>varias</span> <span class='ocrx_word' id='word_1_321' title='bbox 1261 3819 1415 3874; x_wconf 76' lang='lat' dir='ltr'>sententies</span> 
     </span>
     <span class='ocr_line' id='line_1_36' title="bbox 244 3886 1415 3962; baseline 0.012 -20"><span class='ocrx_word' id='word_1_322' title='bbox 244 3887 367 3942; x_wconf 88' lang='lat' dir='ltr'>virorum</span> <span class='ocrx_word' id='word_1_323' title='bbox 391 3886 536 3940; x_wconf 89' lang='lat' dir='ltr'>doctorum</span> <span class='ocrx_word' id='word_1_324' title='bbox 562 3887 695 3944; x_wconf 85' lang='lat' dir='ltr'>collectas</span> <span class='ocrx_word' id='word_1_325' title='bbox 720 3888 806 3943; x_wconf 85' lang='lat' dir='ltr'>habes</span> <span class='ocrx_word' id='word_1_326' title='bbox 828 3891 903 3958; x_wconf 86' lang='lat' dir='ltr'>apud</span> <span class='ocrx_word' id='word_1_327' title='bbox 923 3890 1143 3962; x_wconf 83' lang='lat' dir='ltr'>Volkmannnm,</span> <span class='ocrx_word' id='word_1_328' title='bbox 1167 3895 1334 3954; x_wconf 84' lang='lat' dir='ltr'>Geschichte</span> <span class='ocrx_word' id='word_1_329' title='bbox 1357 3902 1415 3956; x_wconf 89' lang='lat' dir='ltr'>und</span> 
     </span>
     <span class='ocr_line' id='line_1_37' title="bbox 244 3965 1416 4045; baseline 0.015 -26"><span class='ocrx_word' id='word_1_330' title='bbox 244 3965 336 4020; x_wconf 82' lang='lat' dir='ltr'>llritilr</span> <span class='ocrx_word' id='word_1_331' title='bbox 361 3966 411 4021; x_wconf 88' lang='lat' dir='ltr'>der</span> <span class='ocrx_word' id='word_1_332' title='bbox 430 3965 601 4022; x_wconf 85' lang='lat' dir='ltr'>Woll&#39;sohen</span> <span class='ocrx_word' id='word_1_333' title='bbox 627 3967 827 4038; x_wconf 86' lang='lat' dir='ltr'>Prolegomena</span> <span class='ocrx_word' id='word_1_334' title='bbox 850 3972 1308 4045; x_wconf 78' lang='lat' dir='ltr'>p.301—-316,Sengebnschius,</span> <span class='ocrx_word' id='word_1_335' title='bbox 1332 3976 1416 4037; x_wconf 88' lang='lat' dir='ltr'>Hom.</span> 
     </span>
     <span class='ocr_line' id='line_1_38' title="bbox 245 4045 1417 4124; baseline 0.011 -25"><span class='ocrx_word' id='word_1_336' title='bbox 245 4045 353 4100; x_wconf 85' lang='lat' dir='ltr'>dissert.</span> <span class='ocrx_word' id='word_1_337' title='bbox 379 4047 401 4100; x_wconf 94' lang='lat' dir='ltr'>ll</span> <span class='ocrx_word' id='word_1_338' title='bbox 425 4051 473 4102; x_wconf 78' lang='lat' dir='ltr'>tot</span> <span class='ocrx_word' id='word_1_339' title='bbox 498 4063 556 4116; x_wconf 87' lang='lat' dir='ltr'>sqq.</span> <span class='ocrx_word' id='word_1_340' title='bbox 581 4049 654 4101; x_wconf 77' lang='lat' dir='ltr'>recte</span> <span class='ocrx_word' id='word_1_341' title='bbox 680 4047 719 4102; x_wconf 88' lang='lat' dir='ltr'>sic</span> <span class='ocrx_word' id='word_1_342' title='bbox 742 4049 896 4117; x_wconf 81' lang='lat' dir='ltr'>explicasse</span> <span class='ocrx_word' id='word_1_343' title='bbox 914 4051 1039 4119; x_wconf 85' lang='lat' dir='ltr'>videtur,</span> <span class='ocrx_word' id='word_1_344' title='bbox 1058 4055 1090 4106; x_wconf 90' lang='lat' dir='ltr'>nt</span> <span class='ocrx_word' id='word_1_345' title='bbox 1108 4047 1252 4124; x_wconf 73' lang='grc' dir='ltr'><em>ὑποβολήν</em></span> <span class='ocrx_word' id='word_1_346' title='bbox 1271 4073 1325 4111; x_wconf 91' lang='lat' dir='ltr'>non</span> <span class='ocrx_word' id='word_1_347' title='bbox 1346 4059 1417 4112; x_wconf 88' lang='lat' dir='ltr'>reei-</span> 
     </span>
     <span class='ocr_line' id='line_1_39' title="bbox 243 4124 1415 4206; baseline 0.012 -26"><span class='ocrx_word' id='word_1_348' title='bbox 243 4124 376 4180; x_wconf 87' lang='lat' dir='ltr'>tationem</span> <span class='ocrx_word' id='word_1_349' title='bbox 408 4127 442 4182; x_wconf 90' lang='lat' dir='ltr'>de</span> <span class='ocrx_word' id='word_1_350' title='bbox 469 4127 573 4196; x_wconf 87' lang='lat' dir='ltr'>scripto</span> <span class='ocrx_word' id='word_1_351' title='bbox 601 4125 704 4182; x_wconf 83' lang='lat' dir='ltr'>iactam</span> <span class='ocrx_word' id='word_1_352' title='bbox 734 4126 778 4182; x_wconf 86' lang='lat' dir='ltr'>vel</span> <span class='ocrx_word' id='word_1_353' title='bbox 802 4128 939 4184; x_wconf 87' lang='lat' dir='ltr'>monitore</span> <span class='ocrx_word' id='word_1_354' title='bbox 963 4131 998 4184; x_wconf 86' lang='lat' dir='ltr'>de</span> <span class='ocrx_word' id='word_1_355' title='bbox 1022 4131 1127 4202; x_wconf 86' lang='lat' dir='ltr'>scripto</span> <span class='ocrx_word' id='word_1_356' title='bbox 1152 4134 1238 4190; x_wconf 85' lang='lat' dir='ltr'>verba</span> <span class='ocrx_word' id='word_1_357' title='bbox 1260 4141 1415 4206; x_wconf 80' lang='lat' dir='ltr'>praeeunte</span> 
     </span>
     <span class='ocr_line' id='line_1_40' title="bbox 246 4202 1415 4286; baseline 0.009 -26"><span class='ocrx_word' id='word_1_358' title='bbox 246 4202 402 4274; x_wconf 83' lang='lat' dir='ltr'>intellegat,</span> <span class='ocrx_word' id='word_1_359' title='bbox 422 4207 469 4260; x_wconf 87' lang='lat' dir='ltr'>sed</span> <span class='ocrx_word' id='word_1_360' title='bbox 484 4205 677 4261; x_wconf 77' lang='lat' dir='ltr'>recitationem</span> <span class='ocrx_word' id='word_1_361' title='bbox 693 4205 862 4274; x_wconf 85' lang='lat' dir='ltr'>continuam,</span> <span class='ocrx_word' id='word_1_362' title='bbox 882 4209 955 4275; x_wconf 91' lang='lat' dir='ltr'>qnod</span> <span class='ocrx_word' id='word_1_363' title='bbox 970 4209 1042 4264; x_wconf 90' lang='lat' dir='ltr'>idem</span> <span class='ocrx_word' id='word_1_364' title='bbox 1058 4209 1139 4265; x_wconf 88' lang='lat' dir='ltr'>Plato</span> <span class='ocrx_word' id='word_1_365' title='bbox 1153 4213 1415 4286; x_wconf 70' lang='lat' dir='ltr'>pseudepigraphos</span> 
     </span>
     <span class='ocr_line' id='line_1_41' title="bbox 242 4285 1414 4365; baseline 0.01 -23"><span class='ocrx_word' id='word_1_366' title='bbox 242 4287 270 4342; x_wconf 87' lang='lat' dir='ltr'>in</span> <span class='ocrx_word' id='word_1_367' title='bbox 295 4285 408 4356; x_wconf 87' lang='lat' dir='ltr'>dialogo</span> <span class='ocrx_word' id='word_1_368' title='bbox 432 4285 599 4356; x_wconf 82' lang='lat' dir='ltr'>Hipparchi,</span> <span class='ocrx_word' id='word_1_369' title='bbox 626 4286 755 4340; x_wconf 86' lang='lat' dir='ltr'>instituto</span> <span class='ocrx_word' id='word_1_370' title='bbox 779 4285 888 4341; x_wconf 83' lang='lat' dir='ltr'>Solonis</span> <span class='ocrx_word' id='word_1_371' title='bbox 915 4288 952 4342; x_wconf 89' lang='lat' dir='ltr'>ad</span> <span class='ocrx_word' id='word_1_372' title='bbox 976 4289 1166 4360; x_wconf 88' lang='lat' dir='ltr'>Hipparchum</span> <span class='ocrx_word' id='word_1_373' title='bbox 1190 4295 1339 4365; x_wconf 71' lang='lat' dir='ltr'>banslato,</span> <span class='ocrx_word' id='word_1_374' title='bbox 1368 4298 1414 4354; x_wconf 87' lang='lat' dir='ltr'>hia</span> 
     </span>
     <span class='ocr_line' id='line_1_42' title="bbox 242 4359 1415 4448; baseline 0.006 -25"><span class='ocrx_word' id='word_1_375' title='bbox 242 4365 335 4422; x_wconf 80' lang='lat' dir='ltr'>verbis</span> <span class='ocrx_word' id='word_1_376' title='bbox 349 4363 560 4434; x_wconf 81' lang='lat' dir='ltr'>significaverit:</span> <span class='ocrx_word' id='word_1_377' title='bbox 577 4361 718 4436; x_wconf 74' lang='grc' dir='ltr'><em>ἠνάγκασε</em></span> <span class='ocrx_word' id='word_1_378' title='bbox 735 4359 803 4428; x_wconf 72' lang='grc' dir='ltr'>τούς</span> <span class='ocrx_word' id='word_1_379' title='bbox 812 4361 963 4440; x_wconf 62' lang='lat' dir='ltr'>§appelatio</span> <span class='ocrx_word' id='word_1_380' title='bbox 973 4370 1191 4439; x_wconf 76' lang='grc' dir='ltr'><em>Παναθηναίοις</em></span> <span class='ocrx_word' id='word_1_381' title='bbox 1202 4368 1231 4439; x_wconf 73' lang='grc' dir='ltr'>ἐξ</span> <span class='ocrx_word' id='word_1_382' title='bbox 1242 4369 1415 4448; x_wconf 72' lang='grc' dir='ltr'><em>ὑπολήψεως</em></span> 
     </span>
     <span class='ocr_line' id='line_1_43' title="bbox 242 4439 550 4518; baseline 0.01 -21"><span class='ocrx_word' id='word_1_383' title='bbox 242 4443 348 4518; x_wconf 66' lang='grc' dir='ltr'>ἐφεξῆς</span> <span class='ocrx_word' id='word_1_384' title='bbox 368 4439 441 4498; x_wconf 74' lang='grc' dir='ltr'>αὐτὰ</span> <span class='ocrx_word' id='word_1_385' title='bbox 462 4441 550 4516; x_wconf 74' lang='grc' dir='ltr'><em>ᾄδειν.</em></span> 
     </span>
    </p>
   </div>
   <div class='ocr_carea' id='block_1_4' title="bbox 0 0 1642 5090">
    <p class='ocr_par' dir='ltr' id='par_1_5' title="bbox 0 0 1642 5090">
     <span class='ocr_line' id='line_1_44' title="bbox 0 0 1642 5090; baseline 0 3"><span class='ocrx_word' id='word_1_386' title='bbox 0 0 1642 5090; x_wconf 95' lang='lat' dir='ltr'> </span> 
     </span>
    </p>
   </div>
  </div>
 </body>
</html>
