3202 5086
652 389 804 440 ΙΛῙΔΔΟΣ
822 390 871 439 XV
1280 387 1344 450 507

174 543 271 632 σεῖσ’,
296 547 348 614 ἐπὶ
373 542 404 612 δ’
431 543 533 626 αὐτὸς
556 544 638 614 ἄασε
661 546 750 634 μάλα
773 549 872 633 μέγα,
895 559 983 614 τοῖσι
1006 546 1043 614 δὲ
1067 545 1179 633 θυμόν
1300 549 1345 614 23

174 655 211 721 ἐν
234 652 417 740 στήθεσσιν
441 655 570 736 ἔθελξε,
594 652 742 721 λάθοντο
767 652 805 721 δὲ
826 655 991 740 θούριδος
1014 651 1124 738 άλκῆς.

174 764 210 826 οἳ
231 755 277 846 δ’,
301 756 346 838 ὥς
367 757 398 826 τ’
425 757 463 845 ῆέ
486 763 578 844 βοῶν
601 757 725 845 ἀγέλην
746 753 768 844 ή
792 762 867 827 πῶυ
889 756 962 844 μέγ’
988 762 1071 827 οίων

173 868 261 951 θῆρε
285 864 355 933 δύω
378 867 541 932 κλονέωσι
564 871 722 951 μελαίνης
745 864 865 944 νυκτὸς
888 861 1039 957 ἀμολγῷ,

174 968 308 1039 ἐλθόντ’
334 973 490 1057 ἐξαπίνης
512 970 723 1058 σημάντορος
746 969 787 1039 ού
810 971 1008 1056 παρεόντος,

174 1075 218 1156 ὣς
241 1077 413 1165 ἐφόβηθεν
434 1074 557 1164 Ἀχαιοὶ
582 1073 770 1156 ἀνάλκιδες·
794 1079 831 1144 έν
853 1075 918 1164 γὰρ
940 1076 1110 1144 Ἀπόλλων

173 1175 231 1270 ήκε
255 1185 382 1273 φόβον,
410 1184 543 1270 Τρωσίν
567 1183 605 1251 δὲ
628 1184 682 1250 καὶ
697 1181 831 1271 Ἕκτορι
854 1187 957 1263 κῦδος
981 1181 1108 1264 ὄπαζεν.

262 1295 348 1357 ἔνθα
372 1287 403 1356 δ’
430 1289 515 1378 άνήρ
540 1293 613 1358 ἕλεν
637 1289 746 1377 ἄνδρα
769 1295 992 1376 κεδασθείσης
1015 1286 1166 1376 ὑσμίνης.

174 1391 301 1482 Ἕκτωρ
325 1395 386 1482 μὲν
409 1404 550 1484 Στιχίον
571 1422 606 1464 τε
629 1397 684 1464 καὶ
705 1393 918 1482 Ἀρκεσίλαον
940 1401 1099 1486 ἔπεφνεν,

171 1500 231 1569 τόν
254 1501 316 1589 μὲν
339 1509 499 1573 Βοιωτόν
521 1501 668 1590 ἡγήτορα
691 1501 961 1590 χαλκοχιτώνων,

171 1606 231 1675 τὸν
255 1608 292 1676 δὲ
317 1615 518 1696 Μενεσθῆος
541 1609 739 1696 μεγαθύμου
762 1609 881 1678 πιστὸν
906 1611 1050 1699 ἑταῖρον·

173 1719 310 1796 Αίνείας
334 1716 371 1784 δὲ
396 1719 554 1785 Μέδοντα
577 1718 632 1784 καλ
646 1713 762 1784 Ἴασον
786 1715 979 1802 ἐξενάριξεν.

173 1811 195 1906 ῆ
218 1848 270 1889 τοι
295 1817 313 1889 δ
337 1823 398 1908 μέν
421 1824 528 1904 νόθος
550 1824 625 1904 υίὸς
644 1820 771 1907 Ὀιλῆος
793 1827 902 1891 θείοιο

172 1931 246 1996 ἔσκε
270 1931 411 2014 Μέδων,
435 1939 580 2010 Αίαντος
603 1927 780 2014 ἀδελφεός·
803 1926 909 2016 αύτδιρ
933 1933 1044 1998 ἔναιεν

173 2034 209 2099 ἐν
235 2037 385 2124 Φυλάκῃ,
406 2043 503 2122 γαίης
526 2034 592 2103 ἄπο
616 2038 789 2122 πατρίδος,
813 2034 921 2122 ἄνδρα
944 2035 1120 2121 κατακτάς,
1289 2059 1340 2105 εισι

173 2139 305 2225 γνωτὸν
328 2147 489 2229 μητρυιῆς
509 2141 718 2230 Ἐριώπιδος,
741 2137 785 2228 ἣν
809 2139 855 2228 ἔχ’
878 2138 1013 2221 Ὀιλεύς·

172 2243 286 2328 Ἴασος
309 2241 382 2316 αὖτ’
409 2247 510 2337 άρχὸς
533 2249 594 2335 μὲν
615 2246 806 2333 Ἀθηναίων
829 2239 992 2332 ἐτέτακτο,

173 2353 247 2433 υίὸς
270 2354 306 2422 δὲ
330 2355 485 2442 Σφήλοιο
508 2357 681 2424 καλέσκετο
704 2357 924 2421 Βουκολίδαο.

173 2465 351 2547 Μηκιστήα
376 2461 412 2529 δὲ
436 2461 678 2547 Πουλυδάμας,
699 2458 810 2546 Ἐχίον
833 2460 871 2527 δὲ
895 2465 1040 2546 Πολίτης

170 2565 283 2656 κράτη
308 2569 344 2635 έν
368 2565 507 2656 ὑσμίνη,
532 2573 681 2634 Κλονίον
704 2565 736 2633 δ’
763 2568 814 2634 ἕλε
839 2569 911 2646 δῖος
932 2563 1090 2655 Ἀγήνωρ.
1287 2590 1340 2637 340

173 2679 324 2761 Δηίοχον
348 2674 387 2743 δὲ
410 2673 520 2761 Πάρις
541 2674 622 2761 βάλε
646 2679 780 2742 νείατον
803 2666 897 2760 ὦμον
920 2671 1062 2742 ὄπισθεν

171 2777 333 2866 φεύγοντ’
359 2783 396 2849 έν
419 2781 635 2869 προμάχοισι,
659 2777 780 2868 διαπρὸ
805 2780 842 2847 δέ
865 2778 989 2868 χαλκόν
1013 2787 1160 2852 ἔλασσεν.

260 2885 340 2976 ὄφρ’
368 2893 402 2956 οἳ
422 2889 500 2968 τοὺς
523 2888 674 2975 ἐνάριζον
698 2885 754 2955 ἀπ’
781 2893 890 2973 ἔντεα,
912 2889 1023 2976 τόφρα
1046 2885 1077 2956 δ’
1101 2887 1229 2976 Ἀχαιοί

171 2992 289 3084 τάφρφ
313 2995 369 3061 καὶ
392 2995 612 3062 σκολόπεσσιν
636 2994 865 3082 ἐνιπλήξαντες
887 2993 1010 3083 ὀρυκτή

170 3105 256 3169 ἔνθα
278 3101 334 3168 καί
358 3107 442 3169 ἔνθα
466 3102 626 3187 φέβοντο,
651 3102 773 3170 δύοντο
798 3101 836 3168 δὲ
858 3117 964 3189 τεῖχος
987 3100 1127 3192 ἀνάγκη.
1288 3125 1340 3172 345

171 3204 299 3297 ’Ἕκτωρ
324 3208 361 3275 δέ
388 3207 557 3295 Τροίεσσιν
581 3209 728 3276 ἐκέκλετο
751 3205 882 3296 μακρὸν
904 3204 1023 3288 άύσας·

171 3315 318 3400 ,νηυσίν
342 3314 591 3400 ἐπισσεύεσθαι,
617 3316 676 3381 ἐᾶν
700 3313 730 3382 δ’
757 3321 860 3402 έναρα
883 3315 1075 3402 βροτόεντα.

171 3415 213 3485 δν
235 3420 266 3487 δ’
293 3417 337 3488 ἂν
360 3419 448 3506 ἐγὼν
470 3419 642 3490 ἀπάνευθε
665 3423 753 3488 νεῶν
777 3421 917 3508 ἑτέρωθι
941 3421 1069 3508 νοήσω,

171 3523 276 3594 αὐτοῦ
298 3534 353 3594 fot
376 3527 528 3596 θάνατον
552 3534 746 3615 μητίσομαι,
771 3525 855 3596 ούδέ
876 3554 918 3594 νυ
940 3527 1001 3596 τόν
1023 3554 1060 3614 γε

243 3772 465 3831 εειϋεΠεει
544 3774 763 3834 ειοῦελωε
840 3779 1042 3833 325¹=E91
1126 3782 1340 3834 327=M255

170 3858 381 3912 328=H306
488 3861 806 3913 εοε-ο--Νοοι-ι
910 3856 1136 3914 οιιῑιι-ιοιεεε
1239 3865 1340 3914 343=

170 3939 269 3992 Μιοε
341 3939 552 3990 Mer-zuo.

242 4157 294 4205 ³24
312 4149 446 4204 κλονέωσι
464 4149 502 4204 A:
530 4147 677 4205 κλονέουσι
697 4149 743 4205 CD
852 4157 904 4207 330
925 4173 966 4222 γρ.
986 4150 1208 4224 καρτεροθύμων
1227 4156 1248 4206 Α

170 4237 275 4286 333-{3
295 4230 330 4286 ab
347 4229 443 4284 Αλλιίοο
461 4231 600 4302 τλιερεοδο
619 4230 730 4286 τδδίλοε
748 4247 808 4286 esse
828 4232 983 4302 suspicatus
1003 4239 1045 4288 est
1059 4235 1101 4287 La
1119 4233 1213 4288 Roche
1233 4233 1260 4288 Z.
1275 4233 1294 4286 f.
1314 4237 1339 4288 ὁ.

169 4311 200 4384 (δ,
219 4316 329 4367 a.1863
348 4329 375 4381 p.
391 4317 442 4366 163
514 4317 566 4366 839
584 4311 736 4382 Μηκιστῆα
755 4309 786 4366 δὲ
802 4311 913 4367 Nauck:
932 4315 1063 4381 Μηκιστῆ
1083 4310 1243 4383 (Μηκιστήν
1262 4312 1283 4367 0
1302 4332 1338 4368 m.

168 4395 221 4460 pr.)
240 4388 269 4446 δ’
291 4389 333 4446 ἕλε
354 4391 433 4446 οοδδ.
507 4399 559 4447 842
582 4387 762 4462 προμάχοισιι
782 4413 822 4463 γρ.
842 4391 993 4463 πυμάτοισι
1012 4394 1098 4449 εολιολ.
1119 4395 1140 4448 Β
1212 4401 1338 4450 3451&-

169 4490 230 4540 χοςι
259 4473 329 4540 νῆας
347 4471 455 4542 Κδολιλγ
474 4490 568 4543 opusc.
587 4492 615 4543 p.
638 4479 686 4526 14⁷
760 4479 812 4528 347
832 4469 1036 4528 ἐπισσεύεσθον
1056 4475 1119 4529 Zen.
