3280 5104
648 370 893 434 -171-

186 551 246 594 non
269 533 407 614 movebo,
436 533 488 594 sed
517 535 580 612 ipse
608 536 639 594 in
668 532 723 594 bac
746 534 919 612 quaestione
948 541 1010 594 tota
1037 537 1154 596 cautior
1182 519 1383 617 essequam

185 634 368 712 ingeniosior
392 632 486 694 rideri
510 631 609 692 malui.

371 810 421 866 De
443 806 621 864 vocatibus
644 807 847 864 diducendus
869 809 930 864 eut
953 808 1201 867 contrahendis.

274 928 294 1005 ἓ
319 926 392 990 102.
427 927 565 988 Veterum
585 929 845 1006 grammaticorum
865 929 1020 1006 opiniones
1040 927 1076 988 de
1096 927 1246 990 vocalibus
1265 928 1360 1009 longis

184 1034 216 1088 et
239 1025 410 1106 duplicibus
433 1025 470 1088 ab
494 1025 624 1086 Homero
647 1028 736 1086 metri
759 1045 848 1088 causa
872 1025 1025 1088 dissolutis
1055 1026 1141 1106 plane
1171 1045 1236 1088 esse
1265 1030 1360 1089 inver-

185 1123 290 1186 tendas
309 1143 405 1204 nemo,
430 1125 482 1205 qui
501 1124 588 1186 modo
607 1123 790 1203 primoribus
809 1124 900 1186 labris
919 1127 1134 1204 comparativae
1153 1129 1361 1205 grammaticae

185 1222 372 1302 disciplinam
391 1222 499 1303 bausit,
522 1223 631 1284 inlitias
656 1222 719 1284 ibit.
756 1221 888 1303 Namque
913 1232 1027 1284 veteres
1051 1231 1155 1302 poetae
1180 1243 1238 1286 rron
1263 1244 1362 1305 sonos,

185 1323 238 1400 qui
262 1323 293 1382 in
317 1320 432 1400 uulgari
456 1339 593 1382 sermone
617 1340 740 1384 suorum
760 1320 948 1400 popularium
965 1323 1024 1382 iam
1043 1321 1222 1403 coaluerant,
1247 1330 1279 1386 ut
1298 1341 1361 1383 ver·

186 1438 273 1480 suum
298 1421 433 1480 numeris
456 1419 723 1500 accommodarent,
746 1419 844 1481 denuo
868 1420 1060 1501 diducebant,
1084 1420 1135 1482 sed
1160 1439 1235 1500 quos
1259 1439 1360 1482 recen·

187 1519 245 1578 tior
268 1527 349 1580 aetas
372 1519 532 1579 atticorum
556 1521 737 1597 scriptorum
756 1518 932 1579 contrahere
951 1521 1114 1599 consuevit,
1137 1537 1189 1579 eos
1208 1521 1361 1580 etiamtum

186 1614 325 1676 diductos
354 1616 384 1675 in
413 1615 562 1676 cotidiano
595 1633 732 1676 sermone
764 1615 963 1677 inveniebant.
1010 1617 1096 1678 Hunc
1129 1625 1228 1678 autem
1261 1635 1361 1678 rerum

186 1733 310 1776 cursum
335 1715 427 1776 lenisse
451 1716 583 1792 origines
608 1713 766 1774 verborum
791 1713 1025 1776 luculentissime
1049 1716 1235 1796 confirmant,
1260 1723 1361 1794 utpote

187 1833 263 1892 quae
287 1815 425 1874 evincant
448 1812 605 1893 plerasque
629 1813 745 1873 vocales
768 1814 797 1872 in
826 1815 914 1874 attica
943 1813 1068 1874 dialecto
1097 1821 1264 1874 contractas
1292 1812 1362 1874 olim

186 1913 362 1973 consonanti
386 1911 484 1990 aliqua
508 1921 658 1992 separatas
682 1911 786 1991 luisse,
818 1918 848 1972 ut
878 1905 997 1990 γένους
1021 1931 1057 1972 ex
1085 1907 1221 1991 γένεσος
1251 1919 1361 1992 natum,

186 2008 307 2092 θυρῶν
330 2029 365 2071 ex
389 2004 564 2090 θνρέσων,
591 2001 717 2090 πόληος
744 2027 779 2070 ex
803 2001 950 2088 πόλινος,
977 1999 1100 2090 Ἑρμῆς
1127 2029 1163 2070 cx
1187 2007 1362 2091 Σερμεζιάς,

186 2105 264 2190 τιμᾷ
288 2127 324 2168 ex
348 2100 483 2188 trpdjsc,
505 2112 605 2168 πονεῖ
621 2125 657 2168 ex
675 2101 811 2186 πονέῘει,
833 2107 923 2168 τελεῖ
943 2126 979 2168 ex
999 2101 1112 2183 aeldjet
1131 2103 1276 2192 eettcjeq
1300 2101 1361 2190 ἄτη

187 2227 223 2267 ex
246 2198 366 2286 dfdcq,
390 2191 558 2268 ditiores
583 2197 747 2286 dfediov,
779 2205 891 2278 κοῖλος
920 2225 954 2266 ex
983 2197 1133 2282 edictos,
1162 2206 1296 2288 βασιλεῖ
1327 2228 1362 2268 ex

187 2299 355 2385 daoridh,
384 2307 480 2378 θεῖος
502 2323 538 2364 ex
561 2297 694 2381 uteros,
711 2292 870 2384 ‘Homerici
891 2322 927 2364 ex
945 2294 1176 2386 Ἡρακλεῐέσι,
1196 2295 1363 2386 Ἀτρείδης

188 2422 222 2463 ex
244 2389 449 2484 Ἄτρεέίόης,
473 2391 566 2462 ἄκων
590 2419 625 2460 ex
649 2390 795 2479 dfe'umu,
819 2407 937 2483 συγχεῖ
957 2421 992 2463 ex
1017 2397 1187 2484 ouyge‘der,
1209 2393 1303 2466 εἶδον
1326 2423 1362 2465 ex

187 2498 314 2579 e'ftdoo,
339 2491 497 2572 §crois-ex
521 2491 696 2572 oaorafdc.
733 2499 830 2578 Atque
853 2499 1008 2580 digamma,
1031 2517 1100 2560 cum
1123 2500 1245 2562 Homeri
1267 2509 1362 2562 aetate

187 2607 238 2660 aut
261 2601 407 2676 integram
428 2599 486 2658 vim
505 2596 643 2659 babuerit
661 2605 713 2658 aut
732 2597 815 2658 tardo
839 2597 915 2677 pede
936 2617 990 2660 suo
1010 2596 1075 2659 loco
1097 2597 1203 2659 cedere
1218 2601 1362 2677 coeperit,

188 2699 314 2758 manime
334 2694 547 2775 impedimento
570 2696 663 2757 luisse
686 2704 776 2778 patet,
799 2699 958 2776 quominus
982 2696 1098 2758 vocales
1121 2696 1241 2776 expulsa
1266 2696 1362 2757 media

189 2797 286 2858 littera
301 2793 558 2856 contraherentur.
597 2793 655 2854 Sed
675 2812 712 2856 ne
731 2803 899 2858 ceterorum
915 2795 1035 2875 quidem
1058 2795 1216 2856 verborum
1240 2795 1364 2876 vocales,

189 2914 264 2974 quae
279 2893 416 2955 sibilante
436 2910 450 2952 s
470 2898 521 2952 aut
535 2891 703 2954 semivocali
722 2892 833 2954 dentali
840 2895 862 2969 j
878 2894 1132 2974 disiungebantur,
1152 2902 1255 2956 contra
1274 2913 1362 2955 usum

188 2992 291 3073 populi
313 2997 481 3052 contractas
504 3008 599 3069 aequo
622 2993 720 3052 animo
747 2991 884 3052 homines
911 2992 1053 3054 ferebant
1099 2991 1246 3054 Nimirum
1274 2992 1363 3070 pede-

189 3091 324 3170 temptim
348 3089 449 3168 lingua
472 3089 664 3169 progreditur
687 3095 718 3149 et
739 3090 818 3150 inter
841 3089 970 3152 litteram
994 3091 1119 3152 mediam
1138 3097 1362 3151 evanescentem

189 3196 218 3249 et
232 3185 350 3248 vocales
369 3194 538 3250 contractas
556 3186 740 3267 aliquantum
754 3191 897 3268 temporis
916 3189 1115 3251 interllunisse
1130 3196 1361 3251 consentaneum

187 3295 243 3348 est
263 3285 379 3347 blature
394 3293 492 3346 arrtem
507 3285 692 3346 semivocalis
703 3288 732 3368 j,
747 3288 817 3347 siin
832 3287 950 3348 affinem
965 3286 1094 3348 vocalem
1109 3307 1121 3346 ι
1136 3305 1196 3348 non
1210 3287 1363 3368 transibat,

188 3403 258 3447 cum
283 3386 314 3445 io
337 3383 402 3444 aliis
427 3382 548 3444 vocibus
572 3391 635 3445 tum
659 3386 691 3444 in
714 3383 813 3445 verbis
832 3385 992 3446 contractis
1011 3383 1096 3463 plane
1116 3383 1304 3446 intercidisse
1323 3388 1363 3446 vi·
1406 3435 1408 3440 .

188 3485 286 3546 detur.
333 3481 479 3542 Tenacior
509 3483 566 3543 luit
592 3482 728 3563 sibilans,
761 3500 848 3561 quam
877 3501 936 3542 ncn
964 3483 1004 3542 ita
1032 3481 1117 3562 longe
1145 3489 1212 3544 ante
1242 3483 1363 3544 Homeri

187 3588 315 3644 aetatem
339 3581 494 3642 evanuisse
517 3580 609 3642 multa
638 3587 709 3642 stent
737 3580 853 3641 indicia.
900 3576 999 3650 Quid?
1026 3579 1106 3658 quod
1134 3581 1222 3642 etiam
1251 3579 1363 3659 aliquot

187 3678 316 3742 saeculis
339 3685 408 3758 post
429 3677 591 3740 Homerum
614 3678 700 3740 lones
728 3676 843 3738 vocales
872 3686 1003 3740 secretas
1030 3695 1148 3740 servare
1176 3697 1265 3757 quam
1293 3697 1363 3739 con·

186 3778 260 3840 ilare
279 3774 436 3857 malebant,
455 3794 513 3855 qun
532 3777 568 3837 de
588 3795 621 3837 re
640 3779 815 3858 accuratius,
836 3794 923 3856 quam
942 3783 1027 3838 antea
1046 3778 1155 3838 lactum
1175 3785 1247 3858 erat,
1266 3795 1362 3858 nuper

188 3876 352 3955 disputavit
379 3873 488 3934 Erman
517 3875 547 3935 in
576 3873 659 3938 Curt.
682 3873 765 3936 Stud.
794 3873 817 3931 V
845 3869 1030 3936 287—298.
1074 3875 1112 3934 tt
1139 3873 1242 3936 lonum
1273 3875 1362 3937 tardi-

190 3983 280 4035 tatem
299 3972 471 4034 redactores
491 3974 654 4034 carminum
673 3971 794 4034 Homeri
812 3974 895 4032 attici
912 3971 1148 4053 praevertebant,
1167 3991 1242 4052 quos
1260 3973 1363 4034 multis

189 4072 264 4133 locis
287 4077 455 4133 contractas
478 4088 548 4131 suae
572 4072 677 4132 aetatis
701 4077 731 4131 et
753 4072 850 4150 gentis
874 4071 983 4132 lormas
1007 4069 1157 4132 veteribus
1181 4071 1363 4134 carminibus

189 4169 328 4231 intulisse
352 4176 454 4230 nostra
476 4169 618 4230 memoria
647 4169 703 4229 viri
726 4169 806 4230 docti
833 4187 902 4230 oum
930 4168 980 4230 alii
1007 4176 1070 4230 tum
1099 4168 1181 4229 Imm.
1209 4168 1363 4232 Bekkerus

189 4277 220 4330 et
242 4275 316 4347 Aug.
342 4265 493 4329 Nauclriue
516 4266 666 4347 praeclare
695 4267 945 4328 demonstrarunt
991 4266 1073 4326 Hanc
1106 4274 1204 4328 autem
1237 4268 1280 4328 illi
1312 4268 1362 4329 de-

191 4366 377 4428 monstrandi
399 4367 474 4427 viam
493 4369 638 4447 inierunt,
663 4372 695 4427 ut
718 4363 851 4426 collectis
874 4365 1012 4427 omnibus
1035 4365 1118 4446 locis,
1142 4367 1168 4426 si
1191 4383 1310 4445 semper
1330 4368 1362 4428 in

193 4464 278 4547 thesi,
312 4481 389 4545 qnae
422 4472 452 4524 et
484 4463 584 4543 longas
608 4463 739 4542 singulas
762 4471 793 4526 et
815 4463 921 4525 breves
953 4462 1037 4524 binas
1070 4462 1194 4544 syllabas
1227 4465 1362 4546 admittit,
