3276 5090
736 360 956 424 ,56-

261 526 364 587 ordine
389 525 528 600 deinceps
552 521 588 582 ab
612 521 740 582 Homero
764 523 810 584 vel
829 521 996 583 Homeridis
1020 523 1199 602 compositas
1223 539 1297 582 esse.
1335 521 1434 600 Atque

262 625 287 683 si
311 625 460 702 posterius
484 619 601 699 aliquod
626 638 755 699 carmen,
778 619 859 680 velut
881 619 917 679 de
941 621 1031 680 caede
1055 618 1205 699 Hectoris,
1229 627 1296 678 ante
1322 619 1434 698 proclia

262 721 399 781 Hectoris
422 719 677 796 Troianorumque
700 737 792 798 prope
816 736 931 797 puppes
955 721 1073 779 navium
1096 720 1245 778 inventam
1267 725 1297 778 et
1316 723 1433 794 pactam

263 838 328 880 esse
348 825 520 896 statuemus,
540 816 612 877 uibil
633 815 688 876 hoc
708 815 827 876 babebit
847 818 954 876 mirum
974 825 1025 876 aut
1044 815 1219 893 inauditum,
1238 814 1385 894 siquidem
1403 823 1437 874 ct

264 916 446 977 Herodotum
470 914 595 974 similem
619 916 763 974 rationem
786 917 817 974 in
842 916 904 974 suis
927 913 1059 974 historiis
1082 912 1307 974 conscribendis
1330 913 1435 972 iniisse

263 1016 399 1074 novimus
426 1021 456 1072 et
484 1019 631 1071 nostrates
659 1021 760 1090 poetas
789 1014 819 1072 iu
843 1011 930 1089 longo
954 1029 1044 1089 opere
1069 1029 1157 1088 saepe
1180 1010 1294 1071 cardini
1319 1007 1436 1078 tabulae

263 1114 348 1190 prius
372 1127 459 1189 quam
483 1108 604 1168 exordio
628 1126 749 1187 operam
772 1117 913 1170 navantes
941 1118 970 1169 et
998 1108 1129 1187 episodia
1153 1111 1236 1186 operi
1260 1109 1317 1168 iam
1341 1124 1437 1185 paene

264 1208 395 1288 perlecto
423 1201 590 1267 inserentes
619 1205 760 1267 videmus.
806 1205 909 1286 Neque
937 1204 1008 1265 illud
1032 1205 1184 1284 probabile
1209 1212 1269 1285 est,
1293 1211 1352 1266 tam
1376 1222 1438 1264 am·

263 1307 344 1385 plum
369 1312 399 1364 et
422 1303 570 1382 prolixum
594 1321 696 1381 poema
716 1321 775 1364 uuo
795 1312 899 1364 tenore
918 1310 1035 1380 poetam
1054 1305 1239 1382 perterruisse
1260 1304 1438 1382 praesertim

264 1423 299 1464 eo
328 1410 474 1482 tempore,
503 1418 561 1480 quo
590 1408 690 1479 partes
717 1401 798 1479 longi
826 1402 969 1479 poematis
993 1399 1124 1461 nondum
1147 1403 1178 1460 in
1202 1419 1263 1460 uno
1288 1399 1438 1460 volumine

265 1501 440 1562 coniunctae
469 1498 563 1560 oculis
586 1499 741 1559 bominum
765 1497 1020 1578 proponebantur,
1049 1487 1105 1559 sed'
1127 1507 1160 1559 ut
1183 1500 1308 1558 seorsim
1332 1499 1440 1558 recita·

266 1606 370 1658 rentur
393 1595 626 1657 destinabantur.
663 1596 728 1666 Quo
747 1602 845 1656 autem
864 1595 968 1655 ordine
988 1596 1103 1674 singula
1122 1597 1253 1656 carmina
1272 1595 1438 1672 composita

265 1699 326 1756 sint
349 1701 382 1754 ut
405 1693 601 1772 exploremus,
625 1694 753 1772 primum
777 1693 908 1752 omnium
933 1711 1076 1771 quaerere
1102 1711 1154 1754 nos
1178 1699 1304 1772 oportet,
1328 1691 1438 1770 ecquid

266 1800 352 1872 poeta
389 1793 451 1869 ipse
489 1807 521 1850 se
558 1799 625 1850 ante
659 1807 794 1850 narrasse
827 1791 1014 1871 significarit,
1053 1791 1133 1852 velut
1166 1792 1243 1869 quod
1278 1790 1437 1851 Diomedes

266 1893 295 1952 Θ
326 1887 388 1950 108
417 1888 489 1948 dicit
517 1883 638 1960 ἵππους
666 1879 725 1959 οὕς
754 1877 827 1946 ποτ’
857 1877 913 1946 ἀπ’
945 1886 1084 1949 Αἰνείαν
1114 1881 1254 1968 ἑλόμην,
1283 1887 1339 1948 boc
1367 1890 1441 1948 satis

267 1987 366 2064 arguit
389 1984 497 2044 librum
522 1986 658 2062 quintum
683 1983 729 2044 vel
752 1983 856 2044 saltem
875 2003 980 2046 versus
999 1987 1031 2046 b*
1049 1983 1221 2046 rue-effi
1242 1995 1326 2046 antea
1347 1986 1442 2046 laotos

267 2103 341 2146 esse.
375 2082 485 2142 Deinde
510 2099 546 2142 ex
570 2099 648 2142 nexu
673 2099 773 2142 rerum
792 2101 863 2143 num
884 2103 958 2163 quae
977 2084 1084 2145 indicia
1104 2084 1218 2145 ordinis
1238 2083 1441 2160 chronologici

270 2183 365 2259 repeti
392 2181 523 2259 possint,
552 2179 637 2239 nobis
660 2179 873 2257 explorandum
897 2190 955 2262 est;
983 2200 1050 2241 nam
1073 2189 1108 2241 ut
1131 2180 1258 2241 Patrocli
1282 2180 1441 2260 Myrmido-

269 2295 399 2356 numque
423 2285 537 2354 strages
556 2284 623 2336 ante
643 2274 800 2336 lloloueam
821 2281 938 2344 narrari
955 2280 1060 2358 potuit,
1085 2287 1118 2338 ut
1137 2297 1212 2356 quae
1232 2296 1299 2338 cum
1320 2285 1441 2339 noctur·

268 2377 316 2434 uls
343 2373 461 2434 insidiis
485 2372 635 2433 Diomedis
665 2382 696 2433 et
719 2372 830 2452 Ulyssis
854 2395 913 2436 non
936 2385 1019 2436 arcto
1043 2375 1161 2436 vinculo
1185 2383 1296 2436 conexa
1320 2378 1371 2455 sit,
1400 2376 1443 2435 ita

269 2489 366 2549 neque
389 2468 587 2549 Hoplopoeiae
616 2487 712 2550 neque
737 2473 852 2550 pugnae
876 2474 954 2533 circa
978 2491 1087 2552 corpus
1111 2472 1237 2534 Patrocli
1262 2470 1343 2532 locus
1368 2481 1443 2553 erat,

269 2579 425 2648 antequam
457 2565 625 2628 Patroclum
660 2569 793 2628 occisum
825 2571 949 2648 eiusque
982 2588 1062 2630 orma
1088 2570 1125 2630 ab
1152 2570 1280 2630 Hectore
1309 2570 1444 2631 detracta

165 2698 171 2706 -
270 2685 335 2728 csse
369 2673 521 2726 narratum
553 2673 640 2724 esset.
687 2664 850 2726 Plurimum
883 2685 953 2727 vero
985 2667 1021 2728 ad
1055 2675 1184 2748 tempus,
1211 2686 1271 2746 quo
1302 2667 1444 2746 quodque

270 2781 391 2824 carmen
420 2762 529 2821 lactum
558 2764 610 2841 slt,
640 2762 839 2841 indagandum
866 2763 924 2824 loci
951 2763 1084 2844 paralleli
1110 2767 1188 2826 inter
1216 2783 1248 2824 se
1279 2768 1445 2842 comparati

271 2860 437 2922 conterunt
483 2857 555 2919 Nam
580 2877 708 2939 carmen,
733 2878 791 2939 quo
816 2879 919 2922 versus
942 2861 989 2922 bis
1012 2863 1127 2939 positus
1150 2860 1236 2940 plane
1259 2863 1305 2921 rel
1328 2879 1443 2923 accom-

271 2957 407 3019 modatus
435 2963 493 3036 est,
521 2964 588 3016 aute
617 2955 703 3036 illud,
732 2975 790 3035 quo
814 2957 916 3018 bearet
940 2976 1043 3018 versus
1067 2967 1097 3018 et
1120 2976 1207 3037 aegre
1232 2976 1319 3018 suum
1343 2957 1443 3019 locum

272 3063 385 3134 tuetur,
418 3055 615 3131 compositum
648 3071 713 3114 esse
747 3056 808 3114 reri
841 3055 936 3116 simile
965 3063 1019 3116 est.
1065 3056 1247 3133 Quamquam
1276 3063 1379 3116 cautos
1409 3059 1442 3116 in

271 3150 474 3214 concludendo
507 3169 572 3212 esse
604 3169 701 3229 neque
730 3155 781 3212 uui
808 3153 873 3213 loco
901 3154 1024 3214 nimium
1053 3153 1202 3214 confidere
1230 3172 1284 3213 nos
1313 3159 1442 3231 oportet.

272 3251 321 3311 Sic
350 3247 438 3308 verba
466 3245 530 3309 νῦν
560 3240 597 3309 dl
622 3242 721 3321 fende
747 3241 863 3321 πόλιος
885 3249 999 3331 κοίλῃς
1027 3245 1079 3312 ἐπὶ
1101 3243 1200 3329 νηυσὶ
1224 3245 1386 3331 μάχονται
1409 3253 1441 3311 in

272 3363 370 3427 pugna
398 3346 475 3423 apud
504 3363 593 3405 naves
621 3345 659 3405 N
687 3341 746 3406 107
776 3345 927 3407 meliorem
956 3365 1044 3425 quam
1072 3350 1103 3408 in
1131 3346 1288 3407 Diomedea
1317 3345 1348 3406 Ε
1376 3343 1438 3408 791

273 3445 370 3505 locum
399 3442 508 3502 babere
533 3441 677 3502 fateamur
700 3461 821 3504 necesse
845 3453 904 3524 est3
933 3463 1035 3506 verum
1062 3445 1117 3505 alia
1146 3453 1317 3522 argumenta
1348 3443 1442 3504 multa

275 3542 453 3604 confirmant
476 3537 584 3600 librum
604 3538 627 3598 V
650 3547 718 3600 ante
741 3540 850 3601 librum
869 3539 935 3600 lllll
959 3545 1154 3620 compositum
1179 3559 1244 3602 csse
1268 3559 1365 3621 neque
1384 3559 1444 3602 uua

275 3640 322 3702 illa
352 3657 386 3699 re
414 3641 444 3698 in
468 3639 646 3697 contrariam
676 3640 852 3698 sententiam
880 3657 935 3699 uos
959 3638 1065 3699 deduci
1089 3656 1142 3718 par
1165 3647 1224 3700 est:
1248 3635 1355 3701 ἐνίοτε
1377 3630 1442 3720 γὰρ

274 3729 361 3810 εἰκὸς
383 3728 439 3796 καὶ
461 3728 550 3814 παρὰ
574 3727 611 3795 τὸ
635 3725 722 3807 εἰκὸς
744 3733 909 3813 γίνεσθαι.

362 3832 422 3893 Has
449 3833 541 3910 igitur
567 3833 698 3892 rationes
726 3833 822 3892 secuti
849 3833 979 3892 carmine
1004 3835 1061 3896 iam
1085 3851 1121 3892 eo
1145 3833 1340 3913 ordineque
1364 3852 1444 3895 com-

273 3935 369 4011 posita
398 3949 464 3992 esse
488 3927 638 4008 videntur,
666 3927 779 4006 digesta
808 3947 1029 4010 recenseamus,
1058 3939 1213 4011 postquam
1242 3931 1279 3990 de
1307 3933 1401 4010 signis
1427 3951 1444 3992 a

274 4028 359 4088 nobis
396 4027 536 4088 adhibitis
573 4043 666 4104 pauca
698 4029 982 4104 praemonuerimus.
1032 4028 1128 4106 Atque
1160 4029 1277 4088 uncinis
1311 4030 1336 4089 si
1367 4047 1444 4107 quos

275 4143 378 4186 versus
407 4123 597 4203 inclusimus,
625 4139 675 4183 eos
704 4123 886 4184 adulterinos
911 4123 954 4183 vel
978 4135 1080 4202 postca
1103 4125 1219 4187 additos
1243 4144 1308 4186 csse
1333 4126 1445 4188 iudica-

276 4225 385 4298 vimus3
421 4221 626 4300 interrogandi
657 4229 756 4281 autem
788 4223 906 4299 signum
938 4222 1140 4302 praefiximus,
1178 4225 1204 4282 si
1238 4231 1306 4284 uter
1343 4231 1445 4284 utrum

276 4319 374 4379 locum
392 4321 525 4380 imitatus
544 4326 623 4380 esset
642 4336 746 4397 parum
766 4318 951 4399 exploratum
970 4337 1035 4379 esso
1046 4319 1218 4382 uidebatur.
1253 4320 1313 4382 Sed
1331 4321 1387 4384 boc
1406 4341 1446 4384 ne

277 4423 309 4474 tu
332 4415 372 4474 ita
395 4417 613 4496 interpreteris,
637 4425 784 4496 umquam
808 4416 894 4496 plane
913 4415 987 4476 nibil
1006 4414 1072 4476 illos
1091 4415 1171 4476 locos
1191 4418 1226 4478 ad
1245 4419 1446 4480 imitationum
