3280 5104
652 351 895 416 -151-

186 523 361 594 sequuntur.
412 516 485 577 Nam
522 535 590 577 cum
624 517 719 577 iustae
752 518 987 578 ratiocinationis
1019 516 1100 596 leges
1133 526 1167 580 ut
1199 537 1235 580 en
1268 519 1359 582 rebus

183 616 273 675 certis
297 616 429 675 incertae
453 614 630 694 colligantur
653 617 845 695 praecipiant,
869 617 919 677 isti
943 634 978 676 ex
1002 633 1047 696 eo,
1070 615 1150 694 quod
1174 619 1359 694 grammatici

182 713 376 774 Alexandrini
408 715 438 774 in
472 717 597 775 vetustis
631 713 849 794 exemplaribus
881 712 1003 776 Homeri
1035 713 1180 792 digamma
1213 717 1357 794 scriptum

183 829 241 872 non
274 813 463 890 invenerant,
496 812 569 874 nibil
601 811 780 874 concludere
812 811 961 872 debebant
992 812 1050 871 nisi
1077 809 1147 892 hoc,
1180 810 1300 872 lliadem
1328 820 1358 874 et

182 909 354 992 Odysseam,
377 929 445 971 oum
465 910 517 972 diu
536 912 678 970 memoria
698 918 727 971 et
746 929 797 970 ore
817 909 1032 989 rhapsodorum
1051 917 1228 988 propagatae
1248 917 1357 990 essent,

182 1027 216 1068 eo
241 1009 362 1070 demum
386 1018 528 1089 tempore,
552 1027 610 1088 qtro
634 1010 752 1087 spirans
770 1008 818 1070 illa
838 1007 952 1069 labialis
970 1026 1147 1069 evanescere
1166 1011 1223 1070 iam
1243 1012 1356 1090 coepis-

181 1115 240 1186 set,
278 1104 387 1167 litteris
424 1108 576 1168 mandatas
614 1125 688 1167 esse.
698 1099 722 1189 ¹)
773 1106 805 1166 Si
842 1114 940 1167 autem
974 1115 1033 1167 tam
1066 1107 1233 1170 instabilem
1266 1109 1356 1170 buius

181 1203 297 1264 litterae
326 1212 462 1266 naturam
490 1205 611 1266 Homeri
638 1213 733 1266 aetate
761 1205 852 1266 luisse
880 1205 998 1287 dicunt,
1030 1213 1065 1267 ut
1092 1214 1182 1285 prout
1215 1206 1355 1268 vocabula

181 1315 410 1384 concurrerent,
437 1304 524 1364 modo
553 1303 722 1364 abiceretur
749 1303 836 1364 modo
864 1302 1046 1384 adiceretur,
1073 1306 1202 1384 primum
1235 1323 1355 1387 quaero,

182 1418 236 1459 our
275 1403 306 1460 in
347 1400 401 1463 hac
434 1401 531 1462 littera
566 1400 707 1480 signanda
739 1400 823 1462 aliam
856 1421 944 1480 quam
977 1405 1008 1463 in
1040 1402 1163 1482 reliquis
1197 1404 1354 1464 ineundam

170 1490 246 1558 ¹esse
295 1500 370 1559 viam
407 1509 555 1559 censeant.
625 1498 698 1560 Nam
736 1518 804 1560 oum
841 1500 928 1561 modo
965 1491 1022 1572 ὕες
1058 1520 1077 1561 o
1113 1496 1188 1562 556.
1222 1504 1249 1562 6
1289 1498 1354 1563 476

180 1596 267 1656 modu
297 1590 375 1671 σύες
402 1598 431 1658 Θ
458 1595 533 1659 338.
564 1599 586 1658 Ι
612 1595 685 1658 467.
717 1617 736 1656 κ
764 1594 842 1677 243,
874 1597 961 1658 modo
989 1589 1145 1681 ὑφορβόν
1173 1593 1189 1673 ξ
1218 1597 1238 1661 3
1267 1598 1354 1661 modo

179 1687 358 1777 συφορβόν
389 1712 413 1756 rr
442 1691 519 1775 154,
553 1695 640 1756 modo
669 1687 819 1774 δάκρυον
846 1686 936 1774 εἶβεν
960 1697 997 1756 Π
1024 1693 1073 1757 14.
1111 1714 1135 1758 rr
1162 1693 1227 1758 219
1265 1697 1353 1757 modo

178 1785 310 1875 δάκρυα
345 1792 455 1873 λεῖβεν
489 1794 527 1854 N
556 1791 607 1855 88.
640 1810 663 1853 rr
695 1789 761 1853 214
794 1795 939 1872 scriptum
971 1796 1120 1872 patienter
1155 1795 1265 1874 lerant,
1298 1812 1353 1855 our

181 1886 359 1970 μεθιέντας
387 1889 493 1953 [docco
519 1894 551 1952 Δ
575 1888 639 1952 516
663 1893 745 1950 iuxta
768 1886 928 1970 μεθιέντα
950 1889 1080 1953 Ηδοιεν
1106 1892 1147 1952 M
1166 1889 1230 1952 268
1255 1892 1353 1970 legere

179 1987 395 2068 indignantur?
432 1989 542 2050 Deinde
567 2009 603 2050 ne
628 2008 730 2050 verum
755 1986 874 2067 quidem
898 1987 969 2048 iHud
994 1997 1053 2070 est,
1077 1990 1156 2069 quod
1181 1992 1353 2052 universum

180 2107 266 2148 nsum
290 2088 431 2168 digammi
450 2087 571 2148 Homeri
594 2086 778 2166 temporibus
796 2086 955 2146 fluctuasse
975 2088 1182 2168 incertumque
1201 2087 1352 2150 vacillasse

177 2186 289 2247 dicunt.
331 2185 404 2246 Nam
429 2195 500 2247 sunt
522 2187 666 2266 quaedam
690 2183 839 2264 vocabula,
863 2203 938 2263 quae
962 2184 1032 2246 licet
1054 2185 1161 2246 crebro
1184 2196 1353 2270 occurrant,

179 2303 342 2364 numquam
375 2293 487 2365 tamen,
521 2293 553 2346 nt
586 2285 662 2345 inira
695 2281 977 2367 demonstrabimus,
1011 2285 1155 2362 digamma
1188 2285 1351 2364 praefixum

178 2392 334 2464 respuunt.

267 2482 287 2559 ξ
311 2479 363 2543 93.
409 2481 501 2559 Magis
529 2499 632 2541 eorum
661 2482 775 2541 ratione
803 2498 850 2541 me
874 2482 1054 2542 commoveri
1077 2482 1184 2563 fateor,
1208 2484 1259 2562 qui
1283 2502 1351 2544 cum

181 2580 279 2641 lliadis
294 2580 502 2659 Odysseacque
522 2577 614 2639 libros
634 2597 692 2639 nou
713 2577 816 2639 eodem
836 2586 970 2658 tempore
989 2585 1112 2666 punctos
1132 2598 1197 2640 esse
1212 2587 1352 2662 statuant,

177 2679 286 2739 indicia
310 2676 444 2737 diversae
468 2678 600 2757 originis,
625 2695 700 2756 quae
724 2695 757 2736 ex
784 2677 922 2756 digammi
946 2679 974 2738 vi
997 2677 1137 2757 paulatim
1157 2688 1351 2741 evanescente

177 2779 237 2854 peti
266 2777 395 2855 possint,
430 2773 522 2836 deleri
550 2773 740 2834 obscurarive
769 2781 876 2835 vetant.
923 2774 980 2835 Sed
1005 2794 1073 2836 cum
1097 2775 1172 2836 hanc
1195 2778 1290 2855 ipsam
1313 2778 1352 2838 ob

177 2891 240 2932 rem
273 2873 303 2932 in
337 2872 545 2934 dissertatione
574 2871 610 2932 de
637 2871 917 2951 interpolationibus
945 2867 1100 2956 Homeri²)
1129 2892 1233 2935 omnes
1261 2875 1351 2958 lucca,

178 2969 287 3049 quibus
311 2971 456 3049 digamma
478 2970 646 3050 neglectum
665 2978 745 3032 esset
763 2978 814 3032 aut
832 2989 919 3050 aegre
939 2973 1058 3033 restitui
1077 2982 1186 3053 posset,
1210 2973 1350 3034 collectos

177 3070 421 3149 composuissem,
436 3067 602 3129 luculenter
617 3067 817 3129 demonstravi
830 3071 861 3129 in
876 3071 905 3130 vi
919 3069 1057 3148 digammi
1074 3071 1217 3132 servanda
1236 3071 1349 3134 nullum

177 3167 238 3226 lere
271 3166 432 3230 discrimen
466 3169 544 3227 inter
573 3168 796 3247 antiquissimos
824 3176 854 3228 et
882 3153 1104 3229 recentissimos
1132 3168 1224 3230 libros
1252 3169 1350 3231 llladis

177 3264 220 3325 vel
244 3269 324 3326 inter
347 3264 440 3325 libros
465 3266 538 3325 ΑΛ
561 3274 591 3325 et
614 3264 688 3326 ΚΩ
712 3266 897 3327 intercedere
922 3273 952 3327 et
978 3284 1015 3326 ne
1033 3268 1211 3328 novissimae
1230 3268 1348 3348 quidem

177 3365 270 3442 partis
298 3362 445 3442 Odysseae
481 3363 525 3423 vel
553 3362 756 3424 Telemachiae
785 3355 937 3424 auctorem
965 3363 1092 3424 multum
1119 3383 1134 3424 a
1165 3373 1265 3426 vetere
1293 3385 1349 3427 usu

176 3462 345 3522 descivisse.
396 3461 461 3532 Qua
497 3461 533 3521 dc
571 3479 659 3522 carisa
698 3469 811 3523 tantum
848 3461 941 3543 abest,
977 3469 1011 3521 ut
1043 3460 1108 3523 Car.
1142 3463 1348 3526 llolimannum

177 3579 212 3619 ox
250 3559 390 3638 digammi
426 3560 544 3621 indiciis
581 3564 690 3622 servati
726 3570 777 3621 aut
813 3557 941 3639 neglecti
977 3557 1097 3620 lliadem
1127 3561 1158 3620 in
1188 3559 1349 3621 minutulas

177 3655 338 3736 particulas
361 3657 558 3718 dissonantem
583 3677 700 3740 sequar,
724 3665 757 3719 ut
780 3659 873 3737 magis
896 3655 1019 3737 probem
1039 3656 1187 3719 Nabernm
1211 3661 1242 3720 in
1261 3677 1348 3738 quac·

177 3755 326 3818 stionibus
350 3754 515 3816 Homericis
539 3775 567 3836 p.
592 3755 633 3818 iti
657 3758 728 3818 lraeo
752 3757 915 3818 dicentem:
937 3754 1118 3837 „lmmannel
1142 3755 1294 3818 Beldreros
1318 3758 1348 3817 in

175 3854 267 3916 altera
292 3853 414 3914 Homeri
437 3853 566 3915 editione
590 3856 735 3936 digamma
757 3855 869 3935 ubique
893 3854 1024 3933 reduxit,
1046 3853 1098 3912 sed
1124 3852 1245 3932 reliquit
1268 3853 1349 3914 locos

176 3950 313 4034 CCLXX,
338 3970 413 4030 quos
436 3951 583 4030 probabili
606 3956 721 4016 ratione
744 3953 902 4014 emendare
926 3971 958 4012 se
981 3969 1069 4030 posse
1092 3953 1223 4030 negavit:
1247 3969 1282 4012 ex
1301 3950 1348 4012 bis

175 4075 389 4085 .-.—-..—--—-·

267 4137 294 4203 1)
321 4133 396 4189 Scite
424 4133 562 4189 Knoeuns
589 4151 616 4204 p.
645 4138 662 4188 8
689 4131 892 4190 demonstravit
920 4129 1091 4186 simillimam
1119 4145 1178 4184 rem
1206 4128 1291 4186 etiem
1318 4130 1348 4186 in

176 4214 416 4271 Scandinavorum
434 4215 554 4268 vetustis
573 4212 743 4270 carminibus
762 4212 907 4271 accidisse.

265 4298 292 4363 ν)
312 4293 364 4349 Die
387 4292 626 4363 interpolationen
652 4293 700 4349 bei
722 4294 840 4360 Humor,
868 4308 933 4346 vom
956 4287 1125 4344 melrischen
1153 4290 1212 4344 und
1235 4289 1347 4360 spraela·

176 4373 270 4431 lichen
289 4373 511 4444 Gesichtspunlat
529 4375 703 4443 beleuchtei,
727 4373 756 4428 in
774 4367 1029 4442 Silcnngsbaricbte
1058 4368 1108 4423 der
1134 4369 1233 4440 philol.
1252 4369 1347 4430 clane

176 4455 225 4510 der
243 4455 307 4525 bey.
326 4453 482 4509 Akanemie
500 4471 526 4512 r.
545 4453 570 4510 J.
591 4457 667 4509 1879.
